1679 2491
656 476 677 506 1.
716 475 758 506 De
778 478 883 508 sancto
901 477 1039 508 Achatio.

338 528 392 574 'In
418 543 449 576 1.
475 542 687 582 VesperiS.

417 606 610 641 Antiphonae.

239 676 245 682 .
273 652 394 690 Nomen
418 653 545 684 Domini
568 654 715 685 invictum

272 697 321 729 Sit
343 698 376 729 in
400 706 510 729 aevum
535 699 743 738 benedictum,

272 744 350 783 Quia
372 741 487 775 florent
509 747 545 775 ut
567 744 635 776 lilia

270 789 447 829 Martyrum
473 790 555 821 dena
578 789 674 822 milia.

240 871 246 877 .
271 845 415 877 Laudato
440 844 594 876 Christum
620 848 736 885 gentes,

272 890 353 929 Quia
373 893 545 931 martyrum
571 894 690 923 mentes

272 937 345 976 Ipse
369 937 582 968 corroboravit

271 982 317 1014 Et
339 983 425 1014 eruci
447 983 587 1016 sociavit.

239 1061 247 1068 .
273 1038 394 1078 Lauda,
420 1038 533 1077 anima,
558 1037 732 1080 Dominum,

274 1083 468 1121 spreverunt
490 1086 609 1115 mentes
633 1085 801 1124 hominum,

273 1129 326 1169 Hi,
352 1129 405 1169 qui
429 1133 520 1161 erant
544 1130 721 1170 compediti,

275 1176 354 1208 Sunt
377 1176 480 1215 soluti,
505 1175 653 1207 redimiti.

239 1256 246 1263 .
271 1231 415 1262 Laudate
439 1230 551 1270 Deum,
576 1231 649 1270 quia
672 1231 780 1270 boum,

274 1275 416 1315 Namque
442 1276 530 1307 dedit
552 1277 621 1307 istis
646 1285 732 1316 onus,

273 1321 319 1354 Ut
342 1324 507 1360 portarent
529 1325 602 1361 post
624 1330 658 1354 se
681 1331 803 1354 crucem

275 1367 505 1407 consequentes
530 1368 632 1407 ipsum
658 1368 776 1401 ducem.

239 1445 247 1452 .
273 1422 386 1454 Lauda
406 1424 504 1463 tuum⁷
531 1423 615 1464 Sion,
638 1423 749 1464 Deum,

274 1468 347 1500 Istis
373 1467 462 1500 dedit
486 1469 539 1507 qui
562 1470 746 1508 trophaeum

272 1515 397 1546 Pouens
420 1523 529 1553 pacem
554 1514 631 1547 fines
656 1519 735 1556 tuos,

274 1559 341 1592 Sibi
365 1561 513 1592 sociando
537 1570 619 1595 suos,

239 1640 246 1648 .
273 1617 298 1648 O
325 1616 426 1648 crucis
452 1616 568 1648 Christi
591 1620 773 1657 gestatores,

272 1662 453 1694 Mandanae
476 1663 559 1697 vitae
583 1664 726 1703 victores,

275 1709 399 1741 solutos
423 1709 462 1740 ab
487 1712 615 1741 aeterna
637 1714 738 1742 morte

273 1755 339 1787 Nos
364 1755 558 1794 conjungatis
583 1756 662 1788 coeli
685 1759 805 1797 portae,

239 1825 247 1833 .
272 1801 318 1834 Ut
340 1801 507 1833 Dominum
532 1802 610 1834 caeli

323 1855 485 1879 cernamus
508 1851 612 1879 mente
634 1848 733 1882 fideli.

396 1910 441 1937 Ad
461 1910 638 1946 Magnificat.

241 1982 248 1990 .
275 1958 300 1990 Ο
325 1957 515 1999 magnificat-i

273 2005 393 2045 Laude,
419 2003 532 2037 fraude
557 2005 751 2044 circumdati,

274 2051 454 2092 Flagellati‚
479 2052 618 2092 cruciati,

272 2098 358 2138 Agni
381 2098 531 2138 sanguine
554 2099 665 2137 ornati,

276 2144 379 2184 Signis
405 2144 508 2185 dignis
534 2145 683 2184 decorati,

273 2191 355 2223 Litis
380 2191 448 2224 sitis
472 2192 629 2233 advocati,

273 2238 323 2270 Ne
348 2239 487 2271 damnati
510 2247 548 2270 ac
570 2239 688 2279 privati

322 2284 425 2317 Simus
449 2285 567 2318 Christi
590 2285 699 2325 gloria.

1005 547 1065 577 Ad
1089 546 1353 577 Matutinum.

1074 618 1285 646 Invitatorium.

938 678 1100 709 Ecclesiae
1122 679 1217 717 plena

985 723 1026 753 sit
1049 724 1117 754 laus
1143 733 1210 754 eum
1233 733 1310 755 voce
1335 733 1456 766 serena,

940 768 1033 801 Vexit
1057 769 1098 800 ad
1123 777 1252 801 amoena

986 815 1064 845 coeli
1089 815 1160 853 quia
1182 815 1270 846 miiia
1294 816 1383 848 dena.

1005 926 1050 957 In
1076 925 1106 958 1.
1133 926 1357 959 Nocturno.

1086 1003 1276 1039 Antiphonae.

908 1094 914 1100 .
939 1068 1086 1100 Ecclesia
1107 1072 1207 1100 mater
1230 1068 1298 1100 filia

941 1114 1100 1153 Laetetur,
1127 1123 1206 1154 quae
1231 1116 1312 1147 dena
1333 1116 1423 1147 milia

939 1160 1025 1191 Luce
1047 1161 1194 1192 hodierni
1217 1161 1280 1192 diei

940 1207 1001 1238 Per
1026 1214 1147 1237 crucem
1173 1207 1261 1239 dedit
1284 1207 1412 1246 requiei.

908 1294 915 1301 .
941 1270 1075 1301 Adriani
1100 1269 1247 1309 gemitum

942 1315 1148 1353 Gentiumque
1173 1314 1328 1347 fremitum

943 1361 1141 1400 Superabant
1162 1363 1193 1393 et
1216 1371 1271 1393 sex
1294 1369 1383 1401 reges

942 1407 1143 1439 observando
1170 1406 1285 1439 Christi
1308 1408 1402 1447 leges,

908 1496 916 1504 .
943 1472 1072 1504 Sanctos
1096 1480 1167 1503 suos
1190 1471 1376 1512 mirificavit,

940 1517 1023 1549 Dum
1047 1518 1103 1549 illa
1127 1518 1216 1558 signa
1237 1519 1373 1557 iteravit,

941 1564 1026 1602 Quae
1049 1572 1106 1595 sua
1128 1563 1205 1595 fecit
1227 1565 1260 1596 in
1283 1564 1430 1603 passione

941 1611 1008 1642 Hos
1034 1609 1239 1642 confortando
1263 1611 1295 1642 in
1320 1619 1428 1651 agone.

1081 1692 1285 1728 Responsoria.

909 1784 916 1791 .
943 1759 1043 1790 Adest
1068 1758 1134 1790 dies
1159 1759 1347 1800 veneranda,

943 1804 1046 1844 Digna
1066 1805 1160 1836 laude
1185 1805 1382 1843 celebranda,

942 1851 1009 1889 Qua
1030 1850 1188 1881 mundana
1211 1850 1322 1881 exsilia

943 1896 1182 1927 Transcendunt
1206 1896 1286 1927 dena
1306 1896 1403 1928 milia.

909 1968 916 1975 .
941 1942 1007 1973 Ista
1031 1942 1098 1973 dies
1121 1942 1205 1973 laeta

989 1991 1188 2020 conservetur
1212 1989 1279 2021 sine
1301 1992 1393 2021 meta.

910 2077 916 2084 .
943 2053 996 2084 Ad
1021 2061 1149 2085 examen
1172 2052 1209 2085 fit
1229 2054 1375 2092 juvamen

989 2098 1115 2131 Caesari
1138 2109 1157 2131 a
1180 2108 1235 2131 sex
1259 2101 1394 2143 regibus,

943 2145 987 2178 Ut
1010 2148 1170 2186 prostrati,
1196 2147 1353 2186 subjugati

990 2192 1059 2224 Sint
1084 2192 1211 2225 deorum
1234 2193 1374 2234 legibus;

909 2265 915 2272 .
942 2238 1021 2271 Sunt
1044 2239 1166 2272 Christo
1190 2241 1280 2280 grati,

989 2286 1063 2326 quia
1087 2286 1128 2319 de
1149 2287 1243 2319 terris
1266 2288 1415 2326 separat-i⁷
