1656 2491
723 60 979 96 —154—

679 157 724 188 In
748 158 779 188 2.
804 156 908 194 Vesp
920 155 1013 186 eris.

727 219 771 246 Ad
790 218 963 254 Magnifieat.

544 278 583 309 A.
610 277 634 308 O
661 275 783 314 Georgi,
809 278 899 314 pater
924 276 955 305 et
980 274 1111 309 domine,

612 322 740 353 Gemma
764 320 884 360 fulgens
908 322 941 352 in
968 320 1044 351 coeli
1070 319 1209 358 culmine,

611 368 779 399 Emi-ando
803 366 863 397 Dei
887 366 1081 397 elementiam

610 413 714 445 Servis
738 414 799 445 tuis
822 412 956 451 implora
979 412 1109 443 veniam.

290 481 371 507 Brev.
405 488 455 505 ms.
481 478 684 505 Valentinense
710 483 783 502 saec.
812 474 854 502 15.
894 474 960 502 cod.
985 475 1149 502 Atrebatem.
1179 472 1250 501 1142
1273 472 1356 503 (552).
1388 487 1424 492 —-
1455 473 1489 499 In

219 516 243 544 1.
262 514 385 580 {loculi-31
406 515 436 548 1,
464 513 480 541 1
499 515 572 550 legis
591 515 673 540 testis
692 513 744 540 Hs.
765 527 802 532 —
821 510 841 537 R
864 510 888 544 1,
910 510 928 539 6
946 512 1037 538 Ducis
1056 511 1103 537 vel
1123 512 1175 538 Hs.
1196 525 1232 530 --
1251 509 1272 535 R
1293 508 1319 543 2,
1342 508 1375 536 11
1395 510 1490 537 Deum

218 555 266 580 lau
286 561 337 580 ans
387 560 408 578 s.

648 641 694 671 58.
733 640 775 670 De
794 640 899 671 saneto
920 639 1049 670 Gisleno.

356 719 401 750 111
425 720 457 751 1.
479 719 688 757 Vesperis.

401 791 446 817 Ad
465 790 639 825 Magnificat.

220 848 259 879 A.
284 847 308 879 O
331 851 420 885 pater
444 850 579 885 aeterna,

331 892 463 934 Gislene‚
491 900 651 923 corruscus
670 892 703 922 in
727 893 805 934 aula,

286 938 334 969 Sit
354 939 411 969 ‘tibi
435 941 565 977 quantus
589 939 695 974 honos,

331 992 413 1015 nune
427 984 559 1015 coelicus
573 984 702 1022 inspieis
713 985 823 1022 heros·‚

288 1030 352 1061 Nos
375 1030 527 1069 quatimur
551 1030 650 1060 saevis

331 1076 444 1106 mundo
468 1073 635 1106 fluctuante
657 1076 812 1114 procellis,

291 1121 423 1159 Respice
445 1129 501 1160 per
527 1120 681 1152 Christum

332 1166 473 1198 lacrimas
499 1170 530 1197 et
553 1171 625 1198 vota
641 1169 823 1206 gementum,

289 1212 426 1243 Luminis
450 1216 485 1243 ut
507 1215 608 1243 tecum

332 1258 374 1288 sit
394 1256 442 1289 fas
467 1258 643 1297 contingere
665 1261 798 1297 portum.

354 1386 411 1417 Ad
435 1386 693 1417 Matutinum.

420 1458 630 1484 Iuvitatorium-

292 1517 456 1557 Progenies
480 1518 568 1555 lueis,

336 1563 454 1595 Grisleni
477 1564 617 1601 plaudite
640 1563 737 1603 festis,

290 1609 351 1640 Est
374 1609 445 1648 quia
469 1610 622 1641 coelicolis

335 1656 468 1687 sociatus
492 1656 523 1686 111
548 1656 673 1686 aethere
697 1655 781 1687 civis,

353 1775 395 1806 In
423 1776 450 1807 1.
477 1774 698 1806 Nocturno.

434 1848 623 1882 Antiphon-ae.

237 1910 267 1940 1.
293 1909 410 1939 Inluxit
432 1909 546 1940 nostris

341 1956 418 1985 coeli
439 1955 595 1986 miseratio
621 1954 730 1994 Granis,

293 2000 400 2031 Attica
425 2000 584 2031 Gislenum

339 2046 432 2077 tellus
456 2046 508 2077 ubi
532 2047 663 2085 protulit
687 2047 809 2078 almum.

241 2120 271 2150 2.
298 2118 463 2157 Splenduit
485 2119 517 2150 in
540 2129 636 2159 puero

341 2166 519 2204 praecelsae
542 2167 649 2206 stirpis
671 2167 765 2207 origo,

297 2210 360 2242 Sed
383 2213 481 2243 virtus
504 2213 617 2252 potior,

343 2260 407 2288 tum
430 2267 548 2290 morum
572 2260 673 2298 gratia
696 2261 803 2299 maJ'or.

888 719 920 750 3.

947 717 1074 748 Gulmen
1098 715 1264 754 prosapiae

992 763 1095 794 divino
1120 761 1238 800 sprevit
1262 768 1376 798 amore,

946 808 992 839 Ob
1018 808 1096 839 coeli
1120 815 1211 846 gazas

990 857 1094 885 terrae
1117 853 1222 892 placet
1244 852 1343 883 omnis
1361 854 1491 891 egestas,

947 908 1067 940 Scholis
1092 908 1280 947 prudentum

990 955 1093 986 studio
1120 955 1209 986 datus
1234 953 1309 985 inde
1329 956 1493 993 parentum

947 1000 1113 1032 Addidioit
1137 1008 1280 1042 propere,

991 1055 1069 1085 quae
1098 1048 1169 1077 sunt
1194 1046 1331 1077 rationes
1355 1045 1388 1075 in
1412 1048 1491 1076 arte.

914 1128 921 1134 .
948 1100 1077 1132 ιῘ1111ο111εΞ
1101 1101 1233 1132 Athenis

990 1147 1147 1185 posthaec
1158 1149 1342 1178 veneranter
1349 1147 1492 1185 alumnis⁷

947 1192 1092 1231 Quaeque
1115 1193 1350 1231 philosophicae

990 1241 1136 1277 penetrat
1163 1237 1288 1277 fastigia
1311 1242 1423 1270 sectae.

915 1320 921 1325 .
947 1293 1050 1325 1nscia
1074 1293 1130 1324 sed
1155 1294 1220 1324 veri

997 1348 1087 1378 quam
1111 1340 1152 1370 sit
1176 1339 1330 1378 sapientia
1354 1340 1472 1379 mundi,

949 1385 1025 1416 Mox
1048 1385 1102 1416 ubi
1125 1386 1305 1424 comperuit,

995 1431 1129 1462 animum
1158 1432 1342 1463 coelestibus
1367 1432 1456 1463 indit.

1088 1503 1290 1539 Responsoria.

917 1584 922 1590 .
950 1559 1027 1591 Ortu
1050 1559 1169 1591 Gislem'

997 1605 1186 1637 Graecorum
1210 1606 1359 1645 sanguine
1384 1607 1459 1637 clari

948 1651 1002 1682 Fit
1025 1654 1123 1682 status
1149 1652 1298 1684 ecelesiae

1000 1697 1105 1729 divina
1130 1698 1243 1729 clarior
1266 1699 1298 1730 in
1322 1707 1366 1738 re,

952 1743 1071 1782 Utpote
1094 1752 1185 1782 quam
1208 1744 1328 1775 meritis

998 1798 1076 1829 puer
1099 1789 1224 1821 inclitus
1249 1791 1336 1821 auxit
1359 1792 1490 1830 opimis;

953 1835 1075 1867 Floruit
1099 1836 1172 1867 exili

1000 1882 1056 1913 sub
1081 1885 1208 1921 pectore
1230 1885 1334 1914 mente
1358 1883 1452 1917 virili.

923 1960 929 1966 .
955 1936 1064 1968 Laude
1086 1938 1255 1969 sacerdotii

1002 1985 1196 2015 venerandus
1221 1985 1254 2015 in
1278 1985 1388 2016 ordine
1413 1987 1488 2017 oleri

957 2028 1098 2069 Sanctus,
1122 2030 1197 2062 item
1221 2039 1330 2062 norma

1001 2076 1181 2115 praeclarus
1205 2077 1373 2121 Basiliam,

957 2122 1086 2154 Lustrat
1108 2123 1260 2155 honorata

1002 2168 1194 2201 Francorum
1218 2170 1343 2202 saecula
1366 2171 1475 2209 Roma,

923 2238 930 2244 .
955 2214 1086 2247 Lustrat
1107 2216 1227 2248 artibus
1248 2217 1297 2248 his

1003 2264 1104 2295 sancti
1128 2263 1223 2295 verbo
1248 2262 1408 2297 fruiturus·
