1679 2491
237 172 347 204 Vincla
369 173 472 211 plebis

284 218 400 250 Christi
424 219 570 250 subditae

236 263 351 295 Confer
374 272 493 304 pacem,
520 265 596 296 tolle
618 269 747 304 pestem,

278 310 383 342 Vitam
410 309 451 341 (la
474 311 568 349 piam.

165 355 202 386 V.
227 355 323 395 Audi,
350 355 484 396 Christe,
507 356 605 395 judex
626 355 720 394 juste,

277 401 377 433 Voces
402 402 586 440 supplicum,

231 446 289 485 Qui
307 448 363 479 das
380 447 497 479 sanctis
510 455 640 486 aequum
654 455 777 485 semper

277 493 404 525 Cunctis
427 493 612 532 praemium.

171 550 201 580 2.
226 549 384 581 Addictus
409 549 502 580 morti

277 595 464 627 venerabilis
487 595 590 626 hostia
615 594 730 626 Christi

227 641 360 673 Pectore
384 642 496 680 stigma
522 641 621 671 crucis

272 687 416 726 baiulans
432 687 636 725 laborumque
654 686 773 725 salutis,

225 732 386 764 Transivit
408 732 500 763 siccis

272 777 412 809 fluvialia
437 778 567 809 carbasa
591 777 725 817 planetis

188 850 196 857 .
221 824 374 864 Exemplo
398 823 503 863 Moysi

269 871 408 910 psallens
432 870 587 910 magnalia
609 869 680 902 Dei.

190 950 196 957 .
221 926 441 959 Benedioimus
464 925 706 964 omnipotentem

224 973 287 1005 Sua
310 972 450 1012 praemia
472 981 535 1003 non
558 972 746 1002 minuentem

221 1018 336 1051 Aberit
357 1019 433 1049 licet
456 1018 560 1048 unctio
586 1017 698 1049 frontis

221 1066 310 1097 Bona
333 1063 450 1095 sufficit
474 1063 555 1095 aetio
576 1064 680 1103 justis,

186 1136 193 1143 .
221 1112 290 1143 Tua
313 1111 359 1142 sio
381 1111 443 1149 pie,
471 1110 604 1149 Christe,
630 1110 745 1142 latroni

220 1157 384 1190 Miseratio
411 1157 541 1188 contulit,
565 1157 647 1188 olim.

282 1268 328 1299 In
354 1269 385 1300 3.
412 1267 639 1300 Nocturuo.

365 1330 557 1365 Antiphonae.

183 1412 191 1421 .
215 1388 281 1420 Iste
305 1387 431 1427 quidem
454 1389 589 1424 sanetus,

263 1442 384 1465 morum
407 1433 566 1473 probitate
587 1433 750 1473 benignus,

218 1480 399 1519 Sumptibus
424 1488 462 1512 ex
485 1479 621 1519 propriis

262 1527 379 1559 victum
402 1525 586 1566 praestabat
611 1527 724 1565 egenis,

216 1574 353 1612 implens
381 1573 487 1604 dilecti

260 1620 377 1659 ,iugiter
401 1621 571 1658 praecepta
593 1618 743 1658 magistri.

182 1699 189 1706 .
214 1676 308 1707 Alme
331 1674 393 1707 Dei
417 1678 547 1714 martyr,

264 1723 430 1753 clamorem
454 1720 578 1759 suscipe
601 1724 753 1760 nostrum,

215 1769 324 1800 Exora
346 1767 513 1799 Dominum

263 1823 322 1853 pro
346 1813 484 1852 peccatis
508 1813 705 1852 populorum.

183 1893 190 1901 .
216 1870 343 1908 Martyr
369 1868 481 1907 dignus
506 1868 551 1898 ait

262 1913 413 1953 perflatus
437 1911 563 1944 fiamine
589 1912 721 1944 Christi:

216 1963 240 1995 O
265 1961 318 2000 pie
341 1968 392 1991 me
415 1961 435 1992 J
438 1967 491 1989 esu

261 2008 387 2047 placato
413 2006 538 2045 suscipe
562 2005 659 2043 vultu,

214 2054 407 2094 Participem
432 2050 530 2084 facias

262 2101 346 2133 vitae
371 2099 515 2131 coelestis
541 2100 572 2129 et
595 2097 695 2130 aulae.

356 2183 560 2218 Responsoria.

179 2265 186 2273 .
212 2240 319 2274 Judex
341 2239 496 2271 indomita
518 2238 662 2278 perditus
686 2237 736 2268 ira

213 2287 304 2319 Dixit
327 2294 403 2318 voce
426 2284 582 2317 nefanda:

902 175 1044 206 Albanus
1076 175 1211 213 gladium
1246 178 1361 208 sentiat
1392 180 1450 210 im.

1225 221 1360 261 probus;

903 265 980 297 Orat
1004 274 1125 304 quoque
1148 270 1283 305 martyr:

835 311 873 343 V.
899 310 974 342 Jesu
989 311 1121 350 Christe,
1138 320 1225 343 meus
1242 313 1359 350 optime
1377 322 1448 346 con-

842 469 871 499 2.

831 1741 861 1773 1.

1228 359 1320 398 ditor,

899 402 991 434 Nunc
1016 407 1047 434 et
1071 411 1195 442 semper
1219 405 1337 436 adesto.

899 468 924 499 Ο
948 471 1101 507 perpetua
1125 467 1291 509 festivitas,

899 514 923 545 O
948 514 1126 553 gratissima
1145 515 1335 555 jucunditas,

898 561 936 592 In
961 569 1022 599 qua
1045 561 1223 599 angelorum
1249 561 1350 593 choris

898 607 1038 637 Aeterna
1061 605 1181 638 afflavit
1205 606 1357 644 hilaritas,

899 652 974 683 Cum
1000 653 1123 683 beatum
1150 652 1304 684 Albanum

897 697 1080 728 Sanctorum
1105 698 1237 729 adscivit
1260 700 1415 731 consortio

893 743 1067 774 Adorantla
1091 744 1215 774 trinitas
1242 753 1320 775 unus
1344 745 1441 780 Deus.

893 789 999 820 Omnis
1023 789 1079 820 illa
1104 789 1246 820 coelestis
1267 789 1442 822 Jerusalem

894 834 971 866 Cum
993 843 1104 874 magno
1130 835 1242 866 affectu

893 881 1070 913 Jucundata
1096 884 1151 912 est.

856 970 866 978 .
892 944 1035 976 Gloriose

892 1000 930 1022 ao
952 1000 1076 1030 semper
1100 992 1277 1023 venerande

891 1041 1012 1077 martyr
1035 1037 1106 1076 Dei,
1132 1037 1266 1079 Albane,

889 1083 1054 1116 Intercede

887 1139 944 1170 pro
970 1130 1111 1162 omnibus
1136 1129 1226 1161 nobis

890 1177 932 1208 ad
955 1177 1121 1208 Dominum
1146 1177 1247 1208 Deum
1270 1181 1422 1218 nostrum,

888 1223 933 1254 Ut
957 1231 1015 1262 per
1037 1223 1136 1261 ipsius
1161 1222 1409 1255 misericordiam

889 1269 931 1301 ad
957 1269 1111 1300 coelorum
1136 1277 1232 1308 regna

888 1323 1062 1346 mereamur
1085 1315 1260 1353 pervenire.

885 1361 998 1393 Sancte
1019 1361 1152 1402 Albane,

890 1415 1036 1439 succurre
1060 1406 1146 1446 plebi
1170 1411 1243 1438 tuae

889 1457 983 1492 atque
1010 1452 1094 1485 omni
1119 1454 1269 1485 ecelesiae

887 1503 1013 1532 sanctae
1041 1500 1110 1532 Dei.

982 1613 1028 1644 In
1053 1612 1136 1643 Lau
1147 1612 1279 1645 dibus.

1033 1680 1224 1715 Antiphonae.

889 1740 1067 1780 Suscipiens
1092 1745 1212 1780 martyr

932 1786 1007 1819 fidei
1031 1788 1085 1825 pia
1110 1787 1256 1826 dogmata
1279 1794 1353 1817 vere

887 1834 948 1864 Pro
976 1833 1091 1864 Christi
1114 1832 1214 1863 voluit

927 1878 1051 1908 nomine
1074 1878 1173 1909 multa
1196 1878 1271 1916 pati.

888 1940 1032 1972 Vincitur
1058 1941 1133 1972 diris

935 1990 1078 2018 constans
1103 1989 1222 2019 athleta
1246 1989 1377 2030 catenis,

888 2032 1002 2065 Tortus
1026 2034 1188 2074 supplic'us

932 2079 1076 2119 improbe
1098 2082 1300 2115 multimodis.

857 2168 863 2174 .
889 2144 942 2176 Ad
965 2147 1096 2176 mortem
1119 2155 1292 2187 properans

932 2191 1095 2224 habiturus
1121 2192 1221 2225 denuo
1248 2195 1355 2235 vitam,

886 2238 1095 2270 Pertransivit,
1117 2248 1213 2278 aquas

933 2284 964 2315 vi
990 2285 1089 2317 crucis
1113 2285 1304 2318 immodicas.
