1679 2491
191 160 229 192 V.
256 159 328 190 Vati
354 167 455 190 comes
479 159 669 198 obsequitur,

201 307 230 339 3.

199 1100 230 1130 2.

258 205 385 236 Parenti
409 205 514 244 proles
538 205 682 236 redditur

302 249 456 282 Militibus
482 250 647 284 conversis.

256 304 373 337 Infelix
395 305 486 337 turba
512 305 667 337 Saxonum

302 351 486 383 Furibunda
505 351 628 383 insania

347 397 383 429 In
407 397 552 429 Britones
576 398 713 430 surrexit

258 443 408 475 Desoians
430 451 539 482 pacem
561 446 732 484 pectorum,

304 490 410 522 Sancti
435 491 519 522 velut
541 490 647 522 inania

348 536 481 576 Eloquia
506 536 658 576 despexit.

254 581 369 614 Orante
392 581 509 614 victore
533 583 724 623 daemonum,

303 626 387 668 Quos
412 629 532 660 horruit
555 629 728 669 Britannia,

350 675 413 706 Sub
437 675 592 707 montibus
617 676 763 707 contexit.

320 785 364 816 In
390 787 421 818 3.
446 785 667 817 Nocturno.

400 849 589 884 Antiphonae.

221 929 228 936 .
256 905 353 937 Omne
376 914 480 937 rerum
502 905 598 937 labile

301 951 436 991 quisquis
460 952 629 992 superabit,

255 997 320 1029 Iste
344 998 577 1029 tabernaculum

304 1052 382 1082 pure
406 1044 569 1078 habitabit.

255 1099 349 1130 Exsse
372 1108 430 1138 per
453 1100 599 1138 pabulum

303 1146 438 1177 vincens
463 1154 496 1177 se
519 1146 635 1177 virtute

259 1191 412 1222 Mundum
435 1192 511 1223 vicit
533 1201 571 1223 ac
593 1192 735 1223 zabulum

305 1237 428 1269 Domini
452 1238 577 1271 virtute.

225 1318 231 1324 .
259 1293 287 1324 A
312 1292 409 1331 pestis
433 1291 575 1324 letiferae

305 1338 490 1370 Liberemur
513 1347 634 1378 guerra,

259 1384 357 1416 Nobis
382 1393 475 1424 super
499 1385 613 1424 sidera,

306 1430 449 1471 Domine,
475 1432 516 1463 sit
539 1434 632 1464 terra.

396 1514 599 1548 Responsoria.

226 1595 233 1602 .
259 1569 308 1601 Ex
333 1569 484 1601 ubertatis
509 1570 631 1601 hortulo

306 1615 428 1647 Gnarus
453 1617 582 1648 antistes
606 1617 700 1648 satiat

262 1660 379 1693 Christi
401 1662 526 1701 plebem
550 1662 745 1703 eutholieam,

305 1708 351 1739 Ut
373 1707 486 1747 spiritu
510 1708 655 1747 proficiat

261 1752 384 1784 Soaiam
408 1754 519 1792 pandit
542 1755 583 1785 ad
607 1754 736 1793 gloriam

307 1798 352 1830 Ut
375 1807 446 1829 suos
469 1800 571 1830 salvos
596 1798 700 1831 faeiat.

264 1842 389 1875 Cunctis
415 1844 505 1875 datus
527 1844 561 1874 in
584 1845 742 1882 speculum

307 1889 417 1921 Multis
438 1889 548 1928 poenis
570 1899 604 1921 se
629 1890 747 1921 cruciat

264 1935 327 1969 Sed
352 1936 497 1975 adspexit
519 1936 552 1966 in
577 1936 692 1975 populo

308 1982 353 2015 Ut
377 1983 419 2014 ad
443 1990 477 2013 se
499 1990 556 2014 nos
581 1981 711 2013 alliciat.

227 2063 234 2071 .
261 2038 386 2078 Degens
410 2038 443 2069 in
467 2037 655 2069 monasterio

260 2085 319 2118 Vir
343 2084 457 2124 prioris
480 2084 612 2123 imperio

308 2131 423 2163 Irrisus
447 2129 627 2171 subjugavit

261 2178 362 2210 Boves
387 2176 526 2209 furentes
552 2176 654 2218 devio,

263 2224 424 2263 Completo
447 2224 620 2256 ministerio

308 2270 376 2302 Deo
402 2271 497 2303 dante
522 2270 659 2309 donavit,

799 69 865 103 139
913 87 959 95 -·—-

859 160 897 192 V.
925 160 1018 191 Prior
1042 168 1110 190 cum
1134 159 1325 198 improperio

865 306 894 336 3.

926 204 1055 236 Sublato
1079 205 1267 236 monasterio

970 248 1021 281 De
1044 250 1137 280 terris
1162 250 1307 281 evolavit.

921 303 1004 335 Hiob
1029 306 1064 335 ut
1087 304 1168 335 alter
1190 303 1319 343 patitur,

921 349 1004 381 Abel
1026 353 1063 381 ut
1085 349 1167 381 fidus
1191 349 1344 389 graditur,

969 396 1015 429 Ut
1037 396 1167 428 Henoch
1193 396 1352 437 exorabat,

922 442 969 475 Ut
992 451 1066 474 area
1089 442 1160 474 Noe
1182 442 1311 483 regitur,

920 487 965 520 Ut
988 487 1134 520 Salomon
1159 488 1205 519 sic
1226 489 1373 527 loquitur,

969 535 1015 568 Ut
1038 535 1153 567 Paulus
1176 534 1382 574 praedicabat

920 580 966 612 Ut
989 580 1104 612 Tobias
1129 581 1324 624 compatitur⁷

922 627 967 660 Ut
991 626 1101 660 Helias
1122 628 1169 659 sic
1189 627 1321 667 rapitur,

971 673 1017 706 Ut
1041 673 1168 713 Moyses
1192 673 1343 707 minabat.

1011 774 1027 805 1
1036 783 1057 805 n
1080 773 1110 805 L
1120 782 1139 805 a
1146 783 1166 805 u
1179 775 1197 805 d
1207 775 1218 805 i
1227 775 1247 806 b
1255 783 1275 804 u
1285 785 1309 807 ¹...

1061 837 1252 873 Antiphonae.

888 921 894 928 .
920 895 1072 927 Finianus
1097 895 1271 926 haereticos

920 942 983 973 Per
1007 949 1164 972 sermones
1188 941 1390 980 propheticos

967 987 1153 1020 Constanter
1176 986 1367 1027 informavit,

921 1033 983 1064 Hic
1007 1033 1099 1064 simul
1123 1033 1277 1065 sacrificio

923 1079 1086 1111 Coelorum
1111 1082 1142 1110 et
1166 1079 1301 1119 hospitio

968 1126 1055 1164 Quod
1079 1124 1231 1157 Dominus
1256 1127 1408 1166 regnavit.

891 1207 898 1212 .
924 1180 1021 1212 Senes
1046 1189 1114 1212 eum
1136 1180 1323 1221 junioribus,

926 1226 1029 1259 Sacris
1056 1226 1147 1258 ditati
1170 1226 1318 1266 moribus,

970 1273 1071 1304 Deum
1094 1273 1244 1304 Abrahae
1266 1273 1404 1315 laudate,

927 1318 996 1351 Oris
1021 1319 1139 1358 apertis
1162 1317 1300 1351 faucibus

925 1365 962 1396 In
985 1365 1111 1398 Finiani
1133 1365 1279 1397 laudibus

971 1412 1106 1443 Excelso
1127 1411 1270 1451 jubilate.

891 1491 898 1498 .
926 1467 1007 1506 Opes
1033 1468 1150 1506 sparsit
1173 1468 1363 1507 pauperibus

925 1514 1032 1546 Jesum
1057 1522 1188 1552 sequens
1212 1523 1270 1553 pro
1294 1515 1417 1546 viribus-

971 1561 1016 1593 Ut
1040 1560 1120 1591 alter
1143 1560 1333 1600 zebedaeus,

927 1605 979 1637 Sic
1003 1614 1041 1637 ex
1065 1607 1162 1647 gratis
1187 1607 1334 1645 operibus

924 1652 1035 1684 Erexit
1059 1654 1092 1684 in
1116 1653 1272 1684 sideribus

971 1698 1050 1738 Ejus
1076 1707 1171 1730 cornu
1194 1698 1290 1730 Deus.

925 1754 963 1784 in
987 1754 1049 1784 hac
1072 1753 1137 1784 vita
1163 1754 1296 1784 carceris

926 1798 1013 1830 Dans
1039 1799 1214 1837 exemplum
1238 1799 1374 1838 posteris

975 1844 1127 1883 Antistes,
1154 1844 1227 1875 dum
1249 1844 1338 1884 vixit,

927 1889 1048 1929 Lingua
1070 1898 1171 1929 mane,
1197 1891 1346 1930 vesperis,

931 1935 968 1966 In
992 1935 1145 1975 adversis,
1169 1937 1328 1976 prosperis

974 1981 1074 2013 Deum
1098 1981 1269 2015 benedixit.

896 2061 902 2067 .
929 2036 1046 2068 Doctus
1070 2038 1212 2070 indoctos
1239 2040 1345 2071 docuit

929 2083 1052 2122 Fidem,
1076 2093 1188 2124 mores,
1213 2088 1248 2116 ut
1271 2086 1383 2126 potuit,

977 2129 1160 2162 Constanter
1186 2132 1381 2173 praedicare,

931 2175 1046 2215 Jesum,
1072 2185 1162 2216 quem
1187 2179 1281 2211 corde
1305 2179 1412 2220 coluit,

930 2222 1014 2253 Voce
1038 2221 1172 2256 ferventi
1194 2226 1314 2257 monuit

977 2269 1039 2301 Per
1062 2269 1168 2302 orbem
1194 2273 1382 2305 collaudare.
