1679 2491
725 69 950 105 -87-

208 163 238 194 3.
265 162 322 194 Vir
344 161 470 194 insanus
495 163 566 194 dum
592 165 724 197 devotae

311 211 488 240 occursaret
513 209 637 253 virgini,

265 254 366 287 Jussis
389 263 505 293 parens
529 264 600 287 mox
624 257 801 296 prorumpit

310 300 342 331 in
366 300 445 332 haec
469 302 566 332 verba
587 303 731 336 Domini:

264 346 345 377 Ama
367 346 479 388 Deum,
507 351 538 378 et
561 349 710 380 amabunt

312 395 344 422 te
368 401 456 432 reges
482 396 512 424 et
536 394 656 433 populi,

265 438 308 469 Et
331 441 364 469 te
385 439 543 472 Christum
564 443 766 472 venerantem

311 485 550 517 contremiscent
573 487 698 526 singuli.

405 549 609 584 Responsoria.

211 595 239 626 1.
267 595 356 626 Haec
379 596 433 627 vix
456 597 543 636 virgo
569 597 726 636 vigilando

311 649 428 672 moram
453 644 553 674 noctis
578 643 736 684 impetrat,

266 688 361 725 Quem
387 687 494 719 deluso
519 688 575 718 sub
599 689 710 719 lictore

312 741 432 771 pernox
456 741 551 771 prece
574 734 698 772 liberat,

264 778 346 809 Nam
372 779 445 809 <lum
467 778 562 810 lictor
581 778 664 817 ferit,
690 780 811 811 vinctus

309 823 472 863 Brigidam
494 823 656 862 vociferat,

263 870 309 901 Et
330 878 403 901 mox
424 869 506 901 liber
530 873 563 901 et
583 871 711 902 illaesus

311 924 379 947 eam
403 924 511 947 versus
533 919 692 955 properat.

198 961 234 993 V.
263 961 402 994 Solvitur
426 970 498 992 ecce
522 970 602 1003 reus,

311 1008 527 1046 compungitur
552 1011 583 1038 et
606 1007 752 1041 basileus,

207 1063 238 1095 2.
265 1063 331 1094 Rex
357 1062 437 1094 hanc
460 1063 567 1095 multis
593 1063 695 1095 ditans
720 1063 809 1095 donis

310 1109 454 1140 benedici
479 1109 602 1149 meruit,

263 1155 357 1193 Quem
385 1153 540 1194 configens
565 1155 662 1187 hostis
686 1163 759 1186 ense

310 1200 413 1240 fugam
440 1201 519 1231 clam
544 1201 688 1241 arripuit,

264 1246 358 1278 Flent
375 1246 519 1286 ministri,
538 1255 613 1284 quos
631 1245 809 1279 confortans

310 1301 366 1323 rex
391 1301 484 1324 sanus
509 1294 664 1332 apparuit,

263 1338 376 1378 Sicque
401 1340 513 1370 (lextra
537 1339 746 1378 consignantis

309 1392 383 1423 rege
407 1384 494 1416 salvo
520 1385 641 1417 claruit.

195 1431 234 1463 V.
258 1430 348 1462 Haec
371 1431 458 1462 velut
480 1431 633 1468 hortatur,

306 1485 362 1508 rex
385 1476 467 1508 hosti
491 1475 684 1516 pacificatur.

205 1534 236 1565 3.
262 1532 393 1564 Praesul
416 1531 538 1564 Herous
567 1534 598 1562 et
620 1532 699 1563 haec
721 1532 810 1571 virgo

307 1577 430 1609 Hercae
453 1581 590 1609 montem
613 1578 739 1618 adeunt,

261 1625 365 1664 Atque
389 1624 499 1656 lassati
522 1624 658 1655 ministri

308 1674 399 1702 arent
423 1674 454 1702 et
478 1670 626 1709 esuriunt,

261 1717 353 1755 Quos,
379 1720 415 1748 ut
437 1716 525 1756 virgo
552 1716 651 1756 docet,
677 1716 804 1755 quidam

309 1762 370 1794 cibi
394 1772 466 1795 mox
490 1762 636 1794 reficiunt

260 1808 302 1839 Et
331 1808 442 1840 effossa
465 1811 552 1840 terra
575 1807 671 1839 fontis

308 1863 404 1893 aquas
426 1855 507 1893 jussi
530 1854 688 1892 hauriunt,

195 1901 232 1933 V.
261 1900 303 1932 Ut
324 1900 417 1940 jubet
439 1900 526 1939 haec,
550 1900 651 1930 undas

308 1948 362 1979 «lat
387 1948 479 1978 tellus
501 1947 590 1985 jussa
612 1943 795 1984 profundas

372 2031 402 2061 A
413 2031 433 2062 cl
458 2029 486 2061 L
494 2039 514 2061 a
521 2039 541 2060 u
551 2029 571 2059 d
582 2037 599 2059 e
607 2038 631 2061 s.

404 2084 599 2119 Antiphonae.

202 2135 232 2166 1.
258 2132 402 2165 Laudum
427 2134 508 2174 vota,
534 2131 625 2172 plebs
652 2130 773 2170 devota,

305 2179 455 2219 Brigidae
479 2178 647 2220 conjubila,

258 2226 300 2257 Et
325 2226 445 2258 sonoris
470 2226 539 2257 odis
564 2225 628 2256 oris

305 2274 374 2305 Vox
398 2272 602 2305 transcendat
625 2270 742 2303 nubila.

875 166 908 197 2.

877 451 908 482 3.

864 2129 904 2162 A.

934 166 1021 198 Haec
1044 166 1175 204 leprosis
1199 166 1361 206 ulcerosis,

978 211 1023 243 Ut
1047 220 1081 243 se
1103 212 1218 253 lavent,
1243 213 1388 252 imperat,

930 258 975 289 Et
996 258 1074 289 haec
1098 258 1182 289 unda
1205 266 1298 289 carne
1320 258 1437 290 munda

980 304 1191 344 Obsequentes
1214 304 1330 335 liberat

935 350 978 381 Et
1001 353 1142 381 sanatum
1166 351 1243 382 haec
1268 351 1382 381 elatum

978 395 1083 435 Lepra
1106 399 1191 427 recte
1209 397 1338 428 ulcerat.

933 450 1083 489 Hospites
1107 451 1247 482 deliciari

981 504 1108 536 coquam
1134 498 1219 535 virgo
1243 498 1406 540 praecipit,

935 545 1019 580 Quae
1042 542 1132 581 nihil,
1157 551 1216 582 (1110
1240 543 1439 582 obsonentur,

980 588 1013 618 in
1038 588 1169 626 coquina
1191 590 1317 627 reperit,

934 633 996 665 Sed
1021 635 1101 665 hanc
1121 635 1209 673 ¹iussa
1229 635 1332 674 scopis
1349 635 1479 667 mundat,

982 682 1014 709 et
1036 688 1127 711 orare
1150 680 1270 720 incipit,

932 725 970 756 In
995 733 1056 763 qua
1079 725 1163 756 cibos
1188 725 1264 756 hora
1289 729 1377 757 sexta

979 769 1042 800 Dei
1068 770 1147 802 dono
1172 772 1312 810 suscipit.

932 824 985 856 Ad
1009 833 1044 855 se
1067 825 1178 856 turbae
1202 826 1383 864 properanti

932 870 1034 902 Nocte
1056 871 1145 901 silvis
1170 874 1200 902 et
1225 871 1343 902 erranti

931 916 1033 954 Hujus
1057 924 1152 955 prece
1174 917 1294 955 lampas
1317 917 1398 947 luxit,

931 961 975 992 Et
998 962 1040 992 ad
1064 962 1158 993 aedes
1183 964 1264 993 hanc
1286 962 1434 1001 perduxit

932 1007 984 1046 Et,
1010 1010 1046 1038 ut
1068 1009 1138 1047 ipsa
1158 1009 1367 1047 prophetavit,

931 1053 1052 1085 Horum
1076 1055 1173 1093 pedes
1198 1063 1279 1093 aqua
1302 1054 1388 1088 lavit.

931 1108 1022 1140 Haec
1047 1107 1158 1140 affectu
1183 1109 1309 1148 pietatis

977 1158 1099 1192 patrem
1124 1164 1212 1186 suum
1234 1156 1350 1194 visitat,

930 1200 1033 1239 Hujus
1058 1201 1152 1232 aedes
1177 1201 1402 1232 comburendas

978 1247 1080 1284 prima
1103 1250 1194 1278 nocte
1217 1247 1389 1287 praedicat,

933 1292 976 1323 Et
1004 1293 1057 1323 vix
1081 1293 1144 1323 suis
1169 1293 1242 1324 hinc
1266 1293 1387 1324 eductis

981 1336 1088 1370 furens
1112 1338 1210 1370 hostis
1235 1338 1371 1374 advolat,

932 1384 1030 1415 Tecta
1055 1388 1180 1424 cremat,
1207 1387 1257 1415 ast
1279 1386 1325 1415 sic
1350 1384 1434 1424 virgo

979 1438 1014 1460 se
1037 1439 1169 1469 suosque
1191 1430 1315 1462 liberat.

1050 1511 1095 1539 Ad
1114 1511 1294 1539 Benedictus.

932 1568 1136 1607 Redemptori
1160 1568 1286 1599 Israelis

931 1614 1103 1646 Benedicat
1127 1615 1217 1653 plebs
1242 1613 1354 1652 fidelis,

932 1660 989 1692 Cui
1012 1661 1069 1691 soli
1095 1660 1181 1700 virgo
1206 1661 1322 1699 nupsit,

933 1706 1027 1746 Cujus
1051 1706 1140 1738 nobis
1167 1707 1233 1738 dies
1258 1706 1347 1744 luxit,

934 1753 1019 1791 Quae
1043 1753 1144 1784 soluta
1169 1752 1271 1784 carnis
1294 1752 1377 1782 mole

932 1799 1002 1830 Jam
1026 1799 1174 1829 virtutum
1198 1798 1232 1829 in
1258 1798 1370 1829 decore

932 1844 1087 1883 Sponsum
1109 1852 1198 1874 suum
1223 1844 1450 1881 contemplatur

932 1890 975 1921 Et
1000 1890 1211 1928 contemplans
1232 1889 1433 1928 jucundatur.

1004 2009 1049 2040 In
1075 2011 1106 2041 2.
1132 2010 1238 2048 Vesp
1249 2011 1343 2041 eris.

1050 2072 1096 2100 Aa
1113 2072 1289 2109 Magnificat-

930 2128 1024 2161 Plebs
1048 2130 1081 2161 in
1106 2128 1186 2161 festo
1210 2130 1360 2170 Brigidae

975 2175 1142 2207 Dominum
1164 2176 1342 2216 magnificet

929 2223 975 2255 Et
999 2223 1157 2254 exsultans
1182 2223 1294 2263 spiritu

974 2269 1116 2301 modulos
1141 2269 1320 2311 amplificet,
