1656 2491
763 77 806 81 —
855 55 1015 89 234—-

263 154 293 185 2.
319 152 391 184 Sors
416 151 491 183 felix
516 151 605 189 hujus
628 151 736 190 populi

364 198 528 238 Migrantis
552 200 655 228 monte
676 197 770 237 Selio,

320 245 376 283 Qui
400 245 518 284 sprevit
541 244 681 283 plausum
705 243 830 282 saeculi,

366 290 491 322 Plaudit
512 290 544 321 in
567 289 628 320 Dei
650 288 724 321 filio.

266 361 295 393 3.
324 360 505 400 Viperarum
528 359 681 398 genimina

369 405 506 437 Oderunt
528 408 650 437 sanctos
674 404 743 446 Dei,

321 452 401 490 Quos
426 452 480 483 dat
502 452 599 483 virtus
622 450 788 482 intermina

368 498 523 529 Aeternae
545 497 671 536 requiei.

455 588 654 623 Responsoria,

268 644 297 677 1.
322 645 448 676 Manum
472 645 558 684 virgo
579 644 673 675 mittit
697 645 738 676 ad
754 642 858 683 fortia,

322 690 447 729 Spernit
470 699 553 730 opes,
580 690 699 729 spernit
717 691 857 728 imperia,

322 736 383 767 Sed
408 739 439 767 et
461 736 543 767 thori
564 736 684 775 spernit
707 737 859 768 consortia

368 781 442 813 Cum
466 784 566 813 turma
589 783 682 814 socia.

255 827 291 860 V.
317 828 440 859 Pollens
464 828 629 859 virtutibus

364 873 408 905 Et
429 874 547 912 pellens
570 874 647 905 vitia

319 920 459 952 Paternis
483 920 609 950 urbibus

365 964 508 997 Praefert
531 965 647 996 exsilia.

265 1032 286 1062 [ὓ

290 1053 296 1059 .
321 1030 417 1061 Prota
440 1030 501 1062 Dei
525 1029 651 1061 consilio

369 1074 443 1106 Cum
466 1076 529 1105 suis
553 1076 638 1114 virgo
663 1076 757 1114 rogia,

321 1121 403 1152 Dum
425 1122 547 1151 tristem
569 1121 670 1151 locum
693 1121 777 1152 Solio

367 1167 443 1199 Post
465 1167 627 1197 transitum
649 1175 707 1206 per
730 1168 825 1199 maria

323 1213 424 1243 Intrat
446 1221 502 1251 pro
527 1212 625 1251 patris
648 1213 724 1244 solio

370 1257 431 1289 Sub
457 1258 520 1289 vita
544 1258 695 1297 solitaria3

261 1304 297 1335 V.
323 1303 444 1342 Frigus,
469 1306 581 1334 aestus.
604 1304 683 1342 sitis,
706 1305 824 1343 jejunia

325 1349 452 1380 Sanctos
476 1350 608 1387 probant
631 1350 663 1380 in
688 1351 847 1388 patientia.

269 1421 298 1451 3.
325 1418 348 1450 O
374 1417 526 1448 Sunnivae
549 1418 628 1450 mira.
652 1419 831 1457 constantia,

324 1465 418 1502 Quam
427 1472 487 1495 non
497 1468 599 1495 movet
607 1465 755 1503 regnandi
765 1465 873 1503 gloria,

324 1509 392 1540 Noc
411 1509 567 1540 horrenda
582 1508 728 1549 frangunt
744 1511 860 1548 exsilia,

326 1555 467 1594 Spatiosa
489 1564 546 1586 nec
568 1558 687 1586 terrent
708 1556 815 1595 maria,

262 1602 297 1631 V.
323 1601 414 1632 Hanc
435 1601 583 1632 immensa
599 1610 728 1640 sequens
745 1601 863 1633 familia

325 1647 420 1678 Nulla
442 1646 524 1678 flecti
547 1647 631 1678 valet
650 1648 772 1686 inJuria.

386 1775 431 1806 In
455 1778 486 1807 2.
511 1775 732 1808 Nocturno.

468 1848 656 1884 Antiphonae.

270 1909 300 1942 1.
326 1909 369 1940 Hi
394 1909 558 1940 orthodoxi
581 1909 673 1941 latria

371 1955 462 1986 Scuto
485 1955 684 1995 benignitatis

325 2002 467 2039 Fulgent‚
492 2000 566 2032 fidei
589 2003 698 2044 gratia,

370 2047 444 2085 Spei
468 2049 499 2078 et
523 2047 671 2081 caritatis.

268 2118 299 2149 2.
323 2116 366 2147 Hi
390 2116 542 2147 montibus
565 2116 621 2148 sub
645 2117 764 2149 insulae

371 2163 446 2195 Sunt
471 2164 569 2194 sancti
592 2164 777 2203 comminuti,

325 2209 387 2241 Sed
409 2218 503 2248 supra
525 2212 658 2241 montem
684 2211 827 2249 speculae

374 2255 573 2295 congaudent
597 2257 763 2291 constituti.

922 149 954 181 3.
980 148 1102 180 Cedunt
1123 147 1156 178 in
1180 147 1242 179 fine
1263 146 1375 178 finibus

1024 193 1069 226 Ut
1090 193 1250 225 Abraham
1272 192 1422 232 paternis,

981 242 1040 273 Pro
1064 240 1227 271 mundanis
1252 239 1411 271 affectibus

1026 286 1231 318 Gratulantur
1255 286 1399 319 aeternis,

1116 387 1319 423 Responsoria.

925 454 954 487 1.
979 453 1080 491 Hujus
1104 454 1186 484 sacri
1209 452 1318 491 palatii

1025 499 1161 531 Patrona
1182 499 1370 538 imploraris,

978 546 1030 578 Ad
1055 554 1164 585 preces
1188 546 1289 585 gregis
1313 545 1398 576 anxii

1025 591 1139 623 Libens
1164 592 1352 630 sollicitaris,

977 638 1025 669 No
1048 647 1155 669 manus
1179 639 1277 670 hostis
1300 638 1389 676 impii

1024 683 1088 715 Nos
1113 684 1225 722 turbet,
1250 684 1377 723 tuearis,

915 729 951 761 V.
978 730 1045 762 Neo
1068 739 1137 762 reos
1161 739 1216 762 nos
1237 730 1360 769 judicii,

981 775 1118 816 Consilii,
1142 776 1288 815 incendii,

1025 822 1074 853 Sis
1099 822 1150 854 via
1172 822 1325 854 salutaris.

923 903 952 933 2.
980 900 1059 932 Olim
1082 900 1195 931 vestita
1216 899 1360 931 mollibus

1024 946 1162 977 Sunniva
1186 954 1254 977 cum
1277 945 1406 987 familia,

1071 992 1145 1023 Post
1166 992 1244 1023 haec
1268 992 1411 1030 ciliciam,

979 1038 1016 1069 In
1041 1046 1131 1076 quam
1152 1038 1245 1074 jactis
1268 1038 1427 1077 lapidibus

1024 1083 1074 1115 Ex
1097 1084 1236 1115 inaudita
1260 1083 1343 1115 furia

1072 1129 1155 1161 Gens
1178 1129 1278 1161 saevit
1299 1131 1465 1163 insensata.

916 1174 952 1207 V.
979 1176 1072 1214 Virgo
1100 1176 1184 1214 degit
1206 1175 1262 1207 sub
1287 1176 1415 1213 rupibus

1027 1222 1064 1253 In
1087 1220 1170 1252 famo
1193 1222 1368 1253 voluntaria

1071 1267 1115 1298 Et
1139 1275 1230 1299 carne
1252 1270 1416 1299 macerata.

927 1348 955 1378 3.
981 1346 1162 1376 Innocentes
1188 1347 1298 1377 devote
1323 1345 1427 1377 vivere

983 1391 1134 1430 Captum,
1176 1393 1327 1431 quaerunt
1367 1392 1522 1423 desertum

1302 1446 1445 1477 propere,

982 1483 1063 1520 Quos
1087 1481 1236 1514 infestant
1259 1484 1359 1515 coloni
1384 1487 1510 1525 temore,

984 1528 1120 1560 Credunt
1135 1529 1224 1568 lupos
1241 1530 1297 1561 sub
1314 1531 1386 1570 agni
1398 1531 1513 1562 vellere

918 1573 953 1604 V.
980 1574 1086 1605 Salvat
1111 1575 1237 1606 verbum
1260 1576 1454 1608 incarnatum

982 1620 1049 1652 Hos
1073 1623 1197 1660 agentes
1222 1623 1415 1656 coelibatum.

1048 1759 1091 1789 In
1117 1761 1147 1792 3.
1173 1759 1203 1790 N
1214 1769 1231 1791 o
1242 1762 1396 1793 cturno.

1127 1832 1316 1869 Antiphonae.

928 1898 958 1929 1.
985 1898 1086 1937 Caput
1110 1898 1166 1930 sub
1190 1899 1261 1930 luce
1282 1900 1441 1939 proditum

1028 1944 1157 1976 Praeter
1180 1946 1262 1977 vires
1285 1949 1415 1978 naturae

984 1990 1095 2022 Prodit
1118 1992 1220 2022 locum
1243 1992 1432 2033 incognitum

1028 2036 1209 2069 Sanctorum
1233 2040 1421 2078 sepulturae.

928 2121 958 2151 2.
984 2119 1042 2151 His
1067 2128 1106 2151 ex
1129 2120 1209 2152 vivis
1232 2123 1412 2160 palmitibus

1031 2166 1095 2198 Dat
1118 2167 1237 2200 fructus
1261 2170 1413 2209 gratiosos

988 2212 1068 2244 Vitis
1094 2214 1205 2246 tollens
1228 2214 1373 2248 fidelibus

1030 2259 1185 2292 Excessus
1209 2263 1389 2299 scelerosos.
