1656 2491
738 115 956 149 „20-

289 219 331 251 Ut
355 216 451 248 sensit
472 215 614 254 primum,
690 256 695 261 Ι

334 263 514 301 despectans
538 260 613 290 lusit
636 260 666 287 et
687 262 807 294 Ipsum..

232 319 262 350 5.
287 316 449 357 Despectis
471 315 565 354 igitur

334 361 454 402 pompis
481 368 551 390 mox
572 359 643 397 jura
665 354 823 394 professus

289 410 401 441 Sancta
424 404 598 437 monasterii

335 453 463 490 sumpsit
483 451 557 488 juga
580 447 661 478 levia
686 444 810 476 Christi.

230 510 259 540 6.
285 508 336 539 Sic
363 505 510 536 exercitia

331 552 478 582 virtutum
499 550 606 578 nactus
623 547 663 577 ad
679 552 820 584 unguem,

287 596 409 629 Ordinis
434 598 586 625 extremus

330 643 397 672 erat
419 639 501 670 omni
521 638 678 669 schemate
693 636 821 674 primus.

343 714 386 745 In
412 715 443 746 2.
468 712 691 744 Nocturno.

425 771 615 805 Antiphonae.

228 815 258 846 1.
283 814 378 845 Patre
400 811 578 844 monasterii

331 860 435 890 laxato
461 858 609 895 compede
632 856 726 887 saecli

289 905 472 936 Cunctorum
496 903 575 934 votis

334 957 491 981 successor
515 949 612 988 surgit
635 947 751 978 herilis.

231 1006 263 1038 2.
289 1004 475 1042 Praecipuos
498 1006 584 1034 actus

333 1049 392 1080 sibi
419 1048 683 1080 commendaverat
706 1049 781 1086 ejus,

289 1097 362 1134 Ipse
384 1095 450 1126 loco
476 1095 560 1132 cujus

335 1140 437 1171 fuerat
459 1139 710 1172 succenturiatus.

230 1197 262 1227 3.
286 1195 390 1233 Major
410 1194 531 1232 justitia

335 1240 416 1279 regis
439 1239 589 1271 vernabat
611 1239 643 1269 in
668 1238 747 1279 aula,

289 1286 384 1324 Quam
408 1286 539 1323 primum
563 1284 683 1323 pompis

334 1332 551 1369 splendescens
574 1329 775 1360 illecebrosis,

231 1386 262 1417 4.
289 1386 393 1423 Qualis
419 1388 485 1417 erat
508 1393 618 1423 nempe

337 1431 495 1462 discordes
520 1430 693 1468 conciliare,

292 1477 356 1508 Pax
383 1476 608 1507 Beneventanis

334 1521 445 1560 probat
456 1521 555 1551 indita
564 1530 630 1551 cum
642 1520 826 1561 Spoletanis,

290 1570 370 1605 Quos
396 1566 513 1597 discors
536 1567 664 1605 propria

339 1612 425 1643 furor
449 1612 627 1650 impellebat
649 1612 681 1642 in
706 1621 800 1643 arma.

233 1669 265 1700 5.
289 1668 343 1699 Sic
364 1674 471 1705 pacem
495 1668 619 1697 summis

334 1720 477 1744 recreans
502 1715 533 1742 et
555 1711 683 1744 foedera
707 1713 808 1752 regnis

290 1760 392 1790 Aurea
417 1767 474 1797 per
497 1761 595 1788 totum

335 1803 502 1835 revehebat
517 1806 657 1843 tempora
670 1804 825 1834 mundum.

888 211 918 241 6.
946 204 1108 238 Gaudebat
1135 200 1267 232 mundus

992 253 1077 283 tanto
1102 246 1158 278 sub
1180 246 1298 277 lumine
1322 244 1435 279 clam,

947 295 1109 329 Gaudebat
1137 295 1261 324 sanctus

991 344 1037 373 sic
1060 339 1169 371 aethra
1193 344 1356 375 capessere
1375 334 1495 366 certus„

1010 444 1055 475 In
1081 444 1112 474 3.
1137 440 1360 471 Nocturno.

1089 504 1133 530 Ad
1153 503 1280 530 Cantica.

878 554 917 584 A.
944 552 1034 582 Vitae
1056 553 1140 581 meta
1165 550 1230 580 dies

992 595 1139 633 extrudit,
1165 603 1237 625 nam
1260 593 1382 631 reliqua
1406 597 1494 629 spes‚

943 642 1101 674 Terminet
1124 644 1161 671 ut
1185 642 1302 670 certum

992 688 1084 727 digno
1110 686 1278 717 certamine
1300 691 1433 716 cursum.

1036 784 1079 814 In
1105 780 1331 814 Laudibus.

1087 846 1279 881 Antiphonae.

888 901 918 933 1.
945 899 1076 930 Sanctus
1100 896 1280 928 Adalardus

988 948 1024 975 ut
1047 944 1085 975 ab
1111 943 1219 973 exsilio
1244 943 1407 972 revocatus

943 990 1096 1021 Redditus
1122 991 1170 1019 est
1192 986 1324 1026 patriae,

990 1036 1044 1066 lux
1067 1035 1160 1065 terris
1184 1034 1252 1063 visa
1275 1032 1405 1064 redisse.

888 1094 914 1124 2,
944 1091 1050 1122 Omnis
1074 1090 1106 1120 in
1131 1096 1293 1120 occursum

992 1138 1096 1167 coetus
1119 1136 1192 1173 ruit,
1218 1133 1360 1165 omnibus
1383 1139 1490 1171 unum,

946 1182 992 1214 Ob
1017 1181 1118 1212 sancti
1141 1180 1276 1212 reditum

992 1227 1115 1260 Christo
1140 1227 1216 1258 dare
1239 1226 1359 1256 cantica
1375 1224 1489 1256 laudis.

889 1285 919 1316 3.
945 1282 1027 1314 Hinc
1051 1282 1169 1312 relocat
1191 1281 1339 1320 propriae

991 1328 1104 1367 regalis
1126 1327 1224 1365 jussio
1250 1335 1353 1366 curae,

946 1373 1003 1405 Cui
1026 1373 1094 1405 fore
1117 1374 1308 1404 subtractum

991 1427 1143 1459 pergrave
1164 1419 1328 1458 justit-ium.

892 1476 923 1507 4.
948 1475 1066 1506 Invidit
1091 1474 1213 1512 patriae

991 1522 1039 1552 tot
1061 1519 1174 1559 gaudia
1198 1518 1289 1550 fortis
1312 1519 1429 1559 inique,

945 1566 1001 1596 Vis
1024 1566 1150 1597 inimica
1173 1566 1273 1596 virum

996 1612 1085 1643 duxit
1108 1611 1148 1642 ad
1173 1611 1311 1645 exitium.

893 1668 923 1699 5.
948 1666 1112 1699 Fratn'bus
1134 1666 1196 1697 ista
1218 1666 1305 1705 prius

992 1712 1193 1752 praedixerat
1214 1713 1413 1751 inresolutus‚

950 1758 1118 1789 Coelitibus
1143 1758 1263 1798 superis

993 1804 1029 1835 fit
1052 1805 1152 1836 socius
1178 1805 1307 1838 meritis.

298 1864 381 1889 Brev.
406 1870 457 1889 ms.
486 1862 656 1897 corbejense
680 1869 752 1889 saec.
781 1860 823 1888 12.
856 1862 924 1890 Ood.
943 1863 1112 1890 Ambianen.
1141 1862 1202 1891 115.
1222 1864 1256 1890 A.
1276 1879 1313 1883 —
1332 1865 1415 1891 Brev.
1443 1873 1495 1892 ms.

226 1899 395 1933 Corbejfnse
419 1907 491 1926 saec.
519 1897 561 1925 14.
591 1899 659 1926 Cod.
678 1898 845 1926 Ambianen.
867 1897 919 1926 118
947 1900 979 1926 B.
998 1916 1034 1919 —
1053 1900 1136 1927 Brev.
1156 1909 1207 1928 ms.
1230 1900 1400 1935 Corbejense
1420 1909 1495 1929 saec.

227 1934 269 1961 14.
306 1935 374 1964 Cod.
394 1936 561 1962 Ambianen.
590 1933 649 1962 116.
670 1935 700 1962 C.
720 1951 757 1955 —
776 1936 837 1962 Nur
859 1937 905 1963 die
923 1936 1118 1973 Antiphonen,
1145 1938 1198 1965 mit
1215 1938 1381 1965 Ausnahme
1400 1938 1451 1966 der
1470 1938 1494 1965 Α

225 1972 262 1997 ad
279 1972 383 1999 Bened.
410 1971 545 2005 poetisch.
571 1986 607 1990 —
633 1973 668 1999 In
693 1970 718 1998 2.
738 1973 824 2007 Vesp.
845 1974 881 2000 ad
898 1973 993 2008 Magn.
1015 1974 1141 2001 Coelitus
1164 1978 1229 2002 acta
1248 1975 1309 2003 dies
1330 1978 1383 2003 ete.
1404 1991 1441 1996 ψ·-
1460 1977 1496 2004 In

227 2006 251 2034 1.
270 2008 355 2042 Vesp.
377 2008 412 2034 ad
431 2009 527 2042 Magn.
547 2005 579 2042 Α,
598 2007 618 2035 4
636 2011 773 2035 convotos
791 2010 872 2037 ABC.
893 2025 927 2029 -—
946 2010 981 2037 In
999 2012 1090 2039 Laud.
1112 2010 1133 2037 Α
1154 2010 1180 2045 3,
1201 2011 1220 2039 4
1235 2012 1381 2047 justitium
1400 2013 1483 2040 ABG.

640 2097 668 2126 4.
706 2097 748 2128 De
767 2098 871 2129 sancta
889 2099 1073 2140 Adalberga.

362 2155 405 2185 In
433 2156 461 2188 1.
486 2154 693 2194 vesperis.

403 2207 494 2243 Super
511 2208 649 2236 Psalmos.

226 2252 265 2282 A.
291 2251 392 2284 Dulce
415 2250 527 2281 festum
552 2249 795 2293 [sacro]sanctae

337 2296 537 2336 Adalbergae
560 2298 685 2337 virginis

950 2163 1146 2197 Celebremus
1170 2167 1397 2206 applaudentes

995 2211 1116 2243 Probae
1140 2213 1223 2245 vitae
1247 2214 1377 2252 meritis,

951 2256 1066 2294 Quibus
1091 2259 1111 2290 J
1115 2266 1169 2289 esu
1195 2258 1313 2290 Christi
1336 2266 1452 2296 sponsa

995 2304 1095 2335 Facta
1119 2307 1167 2335 est
1188 2304 1326 2335 uranica.
