1674 2492
657 85 908 120 *135—

149 177 178 209 5.
205 174 243 205 In
269 175 399 207 excelsis
423 176 602 216 laudabilis,

205 221 300 259 Quem
324 221 455 253 laudant
479 224 562 255 cives
587 224 696 256 coelici

207 265 359 298 Carminis
384 267 523 301 Eusebia

205 312 276 344 Illic
299 313 407 352 psallit
431 323 526 353 prosa
549 316 611 354 pia.

324 403 369 431 Ad
388 404 569 433 Benedictus.

137 462 177 493 A.
205 461 365 493 Castitatis

250 506 449 546 praefulgens
474 510 643 548 speculum,

202 551 340 585 Lumbos
366 554 490 593 cingens

253 608 312 630 nec
335 600 459 632 solvens
484 602 649 641 cingulum,

875 178 1055 210 Sanctitatis
1079 179 1190 210 induta
1212 178 1346 218 titulum,

873 226 954 257 Juva
976 224 1034 256 tibi
1055 225 1240 263 psallentem
1255 224 1415 263 populum.

946 312 990 344 In
1016 313 1047 344 2.
1072 312 1127 342 Ve
1139 320 1179 351 sp
1191 312 1283 344 eris.

992 370 1037 398 Ad
1055 369 1230 406 Magnificat.

839 442 846 450 .
871 417 947 448 Flos
971 418 1035 449 late
1058 416 1206 457 fraglans,
1231 417 1377 458 Eusebia,

875 463 899 495 O
924 462 980 494 flos
1005 461 1108 494 ferens
1132 463 1260 502 pudoris
1284 463 1363 504 lilia,

873 508 990 540 Summi
1001 509 1100 548 patris
1113 508 1180 547 fios,
1195 508 1324 550 fructus,
1338 508 1413 549 filia,

873 554 939 586 Nos
963 558 1060 594 tuere,
1091 564 1148 587 nos
1171 564 1266 594 prece
1288 557 1417 595 praevia

872 600 968 641 Rege,
993 599 1074 642 fove,
1101 601 1225 633 Christo
1250 602 1390 635 concilia.

211 672 294 698 Brev.
320 681 371 700 ms.
396 673 616 701 Mai-ehianense
641 682 714 702 saec.
741 672 784 700 12.
819 673 885 701 cod.
907 674 1034 701 Duacen.
1063 671 1124 700 134.
1145 675 1178 701 A.
1200 689 1235 692 —
1255 675 1337 701 Brev.
1364 682 1416 700 ms.

135 708 355 737 Marehianense
382 717 456 736 saec.
485 709 526 738 13.
564 710 630 737 Coa.
651 712 778 738 Duacen.
801 707 862 737 138.
882 711 914 737 B.
934 726 971 729 —
989 710 1106 744 Antiph.
1126 718 1178 738 ms.
1197 711 1418 738 Marehianense

136 753 210 773 saec.
233 743 275 772 15.
306 746 374 773 Cod.
394 747 522 774 Duaeen.
545 745 606 774 117.
628 748 658 774 C.
679 761 716 766 ——
734 747 852 783 Antiph.
873 755 924 773 ms.
937 746 1156 774 Marchianense
1176 755 1249 774 saec.
1272 746 1313 775 16.
1346 747 1415 775 Cod.

137 782 266 809 Duacen.
289 780 349 810 118.
370 783 408 809 D.

210 819 243 845 1n
265 816 291 846 3.
310 820 393 847 Noct.
415 817 435 845 R
460 819 483 853 1,
503 819 521 848 8
541 820 680 847 Accincta
699 819 728 847 G.
749 834 786 838 —
805 821 830 848 A
849 821 940 847 bietet
959 820 1006 847 die
1023 819 1289 855 Hymnenanfzinge,
1309 820 1418 847 welche

136 855 171 883 de
196 857 339 883 communi
366 857 439 883 sind.
463 872 500 876 —-
519 857 567 884 Da
584 857 719 885 Hucbald
743 857 789 884 fiir
814 857 860 884 die
879 857 965 884 Abtei
989 864 1046 882 von
1064 857 1265 884 Marchiennes
1289 858 1343 883 mit.
1360 857 1416 883 Ab·

136 893 256 927 fassung
282 893 331 920 des
350 892 657 922 Rietrudis-Officiums
676 895 791 921 beu-aut
808 893 900 926 ward,
926 895 966 920 ist
983 900 1050 920 man
1069 896 1192 929 geneigt,
1212 895 1244 920 in
1263 894 1323 920 ihm
1344 893 1417 920 auch

136 929 192 956 den
208 929 361 957 Verfasser
387 930 436 957 des
454 931 613 958 Eusebius-
635 930 696 958 und
712 930 1043 958 Maurontus-Offieiums
1063 939 1099 957 zu
1116 932 1274 958 vermuten.
1313 929 1418 957 Jeden-

134 967 201 993 falls
228 966 294 993 sind
320 967 367 994 (lie
386 965 432 992 ΑΑ
461 968 497 995 ad
515 968 621 995 Bened.
642 967 700 995 und
719 968 764 994 Ad
782 967 900 1003 Magnif.
921 968 952 993 in
972 965 997 993 2.
1017 967 1103 1001 Vesp.
1120 968 1260 1002 jung-eren
1280 968 1418 994 Datum*-

133 1003 227 1030 ferner
247 1004 287 1029 ist.
305 1003 474 1037 auffallenst,
495 1005 557 1032 dass
578 1005 627 1032 der
646 1006 739 1032 Name
756 1004 886 1032 Eusebia
905 1004 973 1031 bald
994 1004 1158 1039 fiinfsilbig,
1179 1004 1246 1031 bald
1266 1004 1417 1038 viersilbig

133 1039 291 1076 gebraucht.
310 1042 356 1067 ist.

566 1149 611 1180 50.
651 1149 693 1180 De
713 1150 818 1180 saneto
838 1148 996 1188 Eutropio.

269 1225 311 1256 In
339 1226 369 1258 1.
396 1225 606 1265 VesperiS.

326 1288 372 1315 Ad
391 1288 565 1323 Magnificat.

133 1342 173 1375 A.
198 1340 345 1379 Eutropii
369 1339 484 1372 festiva

247 1386 437 1417 celebremus
461 1386 608 1425 martyris

202 1433 403 1472 Pastorisque
426 1433 526 1471 primo
550 1432 636 1464 missi

247 1478 276 1509 A
301 1479 401 1510 Roma
423 1478 619 1518 Xantofficis,

202 1525 248 1557 Ut
270 1534 328 1564 pro
354 1533 389 1556 eo
415 1526 625 1557 condonemur

243 1570 374 1602 infinitis
399 1571 531 1610 gaudiis.

269 1672 299 1703 A
310 1673 329 1704 d
354 1672 613 1704 Matutinum.

332 1736 544 1763 invitatorium.

203 1785 373 1818 Offeramus
399 1786 521 1818 Christo
546 1795 664 1819 summa

245 1832 372 1863 laudum
400 1832 564 1871 sacrificia,

199 1878 264 1916 Quo
289 1877 398 1910 fruens
423 1878 570 1910 sacerdos
596 1879 661 1917 ejus

245 1928 356 1965 regnat.
378 1923 560 1963 Eutropius.

264 2031 308 2063 In
337 2032 366 2065 1.
393 2031 616 2062 Nocturno.

342 2095 535 2130 Antiphonae.

140 2149 169 2181 1.
198 2148 280 2180 Vera.
304 2156 436 2180 narrans
460 2150 549 2188 gesta
573 2147 676 2180 laudis

243 2194 283 2226 de
306 2193 454 2226 membris
480 2194 643 2226 dominicis

198 2240 374 2273 Gloriosum
400 2245 494 2280 caput
519 2240 676 2274 Christum

242 2289 407 2326 praedicat
429 2288 463 2319 in
487 2287 629 2321 subditis.

814 1228 843 1259 2.
869 1226 922 1257 Ad
947 1226 1024 1257 haec
1049 1226 1151 1257 verbis
1178 1234 1405 1257 commonemur

916 1280 978 1302 non
1003 1269 1122 1303 frustra
1145 1272 1316 1311 Davidicis‚

872 1318 950 1350 Cum
974 1318 1016 1348 sit
1039 1317 1149 1348 horum
1173 1318 1264 1350 Jesus
1287 1319 1395 1349 noster

916 1364 1087 1395 retributor
1111 1363 1222 1396 facilis.

838 1446 843 1451 .
871 1417 1015 1449 Colentes
1041 1426 1113 1457 ergo
1138 1418 1327 1457 triumphum

915 1463 1019 1504 magni
1042 1464 1189 1504 Eutropii

869 1510 1046 1541 Recitemus
1070 1511 1166 1542 vitam
1192 1511 1258 1549 eJus

914 1556 1067 1588 mercedis
1091 1566 1153 1588 non
1179 1557 1276 1590 dubii.

1009 1620 1212 1655 Responsoria.

835 1693 842 1700 .
869 1668 921 1699 Ad
945 1676 979 1699 se
1005 1666 1145 1699 Christus
1169 1668 1416 1707 praedicandum

915 1715 1032 1753 primos
1056 1714 1134 1752 legit
1156 1714 1292 1753 nuntios,

869 1760 1028 1798 Legerunt
1051 1760 1146 1798 primi
1170 1761 1323 1791 secundos

916 1814 953 1837 ac
978 1806 1106 1837 secundi
1129 1806 1248 1845 tertios,

834 1877 841 1884 .
868 1851 917 1882 De
941 1852 1052 1890 quibus
1077 1850 1174 1882 fuisse
1198 1854 1323 1883 sanctus

915 1896 1016 1928 fertur
1037 1896 1219 1936 Eutropius.

839 1980 844 1985 .
871 1951 966 1990 Quem
991 1960 1150 1985 successor
1170 1953 1257 1985 Petri
1274 1953 1418 1986 Clemens

915 1998 1051 2030 sacravit
1074 1998 1253 2038 pontificem

868 2045 917 2075 Ac
940 2046 1101 2077 Xantonas
1126 2046 1268 2078 veritatis

914 2090 1010 2123 fidum
1034 2092 1120 2123 misit
1143 2092 1287 2136 indicem,

834 2162 842 2170 .
868 2137 992 2171 Monuit
1014 2137 1096 2169 hunc
1120 2137 1188 2170 fore
1214 2139 1329 2172 Christi

914 2186 1024 2216 testem
1051 2184 1273 2218 invincibilem.

835 2266 842 2273 .
867 2239 951 2271 Dum
974 2241 1015 2273 ad
1040 2240 1148 2273 urbem
1173 2242 1359 2275 destinatam

913 2287 1003 2319 miles
1027 2291 1152 2321 sanctus
1175 2293 1335 2330 properat,
