1656 2491
239 284 249 315 l

234 476 254 505 [Ο

240 1962 256 1993 1

735 81 984 116 —132—

356 181 400 213 In
425 183 456 214 3.
481 180 701 212 Nocturno.

433 234 620 269 Antiphonae.

257 309 264 316 .
289 282 368 313 Auri
389 281 533 320 probatio

333 327 416 359 Illud
440 324 604 366 gratificat,

287 373 463 411 Martyrum
485 370 587 409 passio

334 418 397 448 Eos
420 415 582 456 glorificat.

259 499 266 506 .
292 471 398 511 Surgit
421 471 536 502 Christi
558 470 650 501 vinea

333 517 473 548 Decursu
496 514 630 546 fluminis

289 563 335 594 Et
356 565 527 601 martyrum
549 561 658 593 laurea

335 608 432 640 Cursu
455 607 641 639 certaminis.

256 688 264 696 .
287 663 443 694 Virtutum
467 663 569 693 studio

335 709 419 741 Coeli
444 710 516 739 sunt
538 708 667 745 incolae,

288 754 408 785 Horum
430 754 580 791 martyrio

333 800 455 830 Dantur
479 798 631 829 aureolae.

427 862 626 895 Responsoria.

258 935 264 941 .
291 908 430 939 Thronos
455 907 532 938 lucis
554 906 588 937 in
613 915 687 945 gyro
707 906 831 937 luminis

289 953 385 984 Dedit
409 957 553 985 aeternae
578 952 764 991 quietudinis

292 998 484 1036 Marti-ribus
508 999 570 1028 suis

291 1044 392 1074 Filius
414 1044 546 1075 hominis

291 1089 396 1120 Pretio
420 1089 593 1128 sanguinis3

261 1160 267 1167 .
295 1134 401 1166 Cessat
423 1134 601 1172 ludibrium,

292 1180 401 1211 Manet
423 1179 589 1218 fastigium.

292 1234 379 1265 Mors
392 1233 538 1272 optanda,
552 1234 656 1265 statim
668 1233 831 1273 praeteris,

294 1280 341 1310 Tu
363 1283 516 1318 martyres
540 1279 651 1310 tollens
668 1278 706 1309 ab
723 1277 832 1309 inferis

296 1324 458 1356 Glorificas
484 1333 534 1355 eos
558 1325 591 1355 in
615 1325 744 1363 superis.

293 1370 420 1401 Transit
441 1369 530 1401 labor
553 1371 586 1400 in
610 1371 714 1409 otium,

293 1415 409 1446 Luctus
434 1418 466 1446 et
487 1424 570 1446 mors
593 1415 626 1445 in
649 1416 804 1454 gaudium.

293 1469 463 1508 Epiphanii
485 1468 640 1508 precibus,

340 1514 453 1546 Isidori
476 1514 627 1553 suffragiis

295 1560 458 1591 Liberatos
483 1560 521 1591 ab
545 1560 694 1598 hostibuS,

338 1606 537 1645 Expurgatos
561 1615 580 1637 a
603 1605 687 1636 vitiis

296 1650 360 1682 Nos
385 1651 525 1683 Christus
548 1652 581 1682 in
605 1650 788 1682 coelestibus

342 1697 479 1728 Collocet
503 1697 684 1735 domiciliis3

293 1742 394 1774 Prava
417 1746 526 1782 gravat
548 1751 604 1774 nos
628 1742 719 1782 actio,

295 1788 415 1819 Horum
436 1789 524 1827 J'uvet
547 1789 656 1820 oratio.

387 1861 404 1892 I
411 1870 433 1892 u
455 1861 482 1893 L
490 1870 509 1892 a
518 1871 538 1892 u
547 1861 587 1894 di
596 1861 615 1892 b
624 1871 646 1892 u
653 1871 677 1893 s.

438 1915 628 1950 Antiphonae.

264 1987 271 1993 .
296 1961 463 2002 Epiphani‚
488 1962 618 2004 Isidore,

952 174 982 204 A
1006 171 1171 203 tenebroso
1195 174 1336 209 tempore

996 219 1045 250 Ac
1068 219 1194 248 aeterno
1216 214 1348 254 perfrui.

918 322 924 328 .
951 295 1090 329 Jubilate
1112 294 1257 332 Domino,

996 344 1057 375 Pro
1083 349 1142 381 quo
1166 343 1239 372 sunt
1261 339 1422 378 martyria,

950 389 1007 427 Qui
1034 387 1088 419 dat
1111 387 1179 418 sine
1202 386 1334 417 termino

995 433 1189 473 Martyribus
1213 431 1337 472 gaudia.

917 537 925 544 .
952 511 1074 544 Christo
1100 520 1154 542 cor
1176 513 1316 542 nostrum
1341 509 1459 548 vigilet,

996 559 1034 589 In
1057 557 1216 596 prosperis
1240 565 1280 587 ne
1302 557 1432 592 tumeat,

949 603 1144 641 Martyribus
1168 611 1202 634 se
1226 602 1351 640 similet,

995 650 1033 681 In
1057 649 1198 680 adversis
1221 657 1261 679 ne
1284 648 1404 679 timeat.

917 752 925 760 .
953 727 1067 760 Christi
1089 726 1350 766 magnificentiam

996 773 1190 804 Benedicant
1212 773 1323 813 omnia,

952 818 1010 856 Qui
1035 819 1187 850 convertit
1209 818 1241 849 in
1266 818 1396 857 gloriam

997 863 1111 896 Isidori
1134 864 1297 903 supplicia.

921 970 927 976 .
951 942 1094 973 Laudate
1115 941 1216 973 Deum
1243 942 1281 973 de
1306 943 1399 973 caelis

997 989 1130 1025 Propter
1152 987 1373 1027 Epiphaniam,

954 1033 1012 1071 Qui
1034 1034 1205 1064 retributor
1226 1032 1330 1064 fidelis

1000 1079 1129 1110 Luctum
1153 1079 1249 1110 vertit.
1271 1080 1304 1110 in
1329 1079 1486 1118 gaudium.

1070 1170 1115 1196 Ad
1133 1169 1314 1197 Benedictus.

920 1254 926 1261 .
950 1228 1071 1260 Felicia
1094 1232 1265 1269 martyrum
1290 1238 1422 1269 corpora

997 1275 1111 1306 Isidori
1136 1278 1166 1305 et
1188 1276 1369 1315 Epiphanii,

953 1321 983 1351 A
1008 1320 1118 1359 quibus
1142 1321 1334 1353 transierunt
1356 1325 1499 1361 tempora

1000 1366 1161 1399 Cruciatus
1186 1370 1216 1398 et
1241 1368 1427 1406 exterminii,

951 1412 1118 1451 Recipient
1140 1422 1159 1443 a
1184 1413 1307 1445 Christo
1331 1412 1461 1445 foenera

999 1458 1100 1497 Vitae,
1115 1467 1193 1497 quae
1205 1459 1351 1497 perennis
1365 1463 1411 1491 est
1424 1469 1498 1499 gau-

1278 1505 1332 1537 dii.

1027 1640 1071 1671 In
1098 1643 1128 1674 2.
1154 1642 1259 1680 Vesp
1271 1642 1364 1676 eris.

1075 1717 1120 1744 Ad
1138 1718 1313 1754 Mag-nificat.

924 1802 930 1808 .
956 1777 982 1810 O
1005 1781 1178 1817 martyrum
1203 1783 1319 1818 quanta
1342 1779 1487 1821 felicitas,

956 1824 986 1854 A
1014 1832 1142 1863 quorum
1167 1826 1349 1864 corporibus
1375 1828 1501 1859 claritas

958 1869 1072 1901 Aufert
1093 1871 1248 1909 tenebras»,
1274 1873 1432 1905 subtilitas

958 1915 1121 1956 Fomitem,
1147 1917 1267 1948 obicem
1289 1918 1423 1958 agilitas,

956 1961 1085 1993 Omnem
1099 1971 1232 2001 poenam
1246 1964 1502 2005 impassibilitas3

342 2008 543 2039 obsecramus
569 2008 634 2039 erui
956 2007 1142 2040 Hancnobis
1154 2009 1369 2041 donetChristi
1378 2011 1502 2044 caritas.

303 2089 385 2115 Brev.
415 2097 467 2115 ms.
493 2089 674 2116 Bisuntinum
704 2097 776 2116 saec.
808 2086 850 2115 15.
885 2087 953 2116 Cod.
976 2089 1120 2116 Bisuutin.
1147 2087 1191 2117 68.
1217 2090 1251 2117 A.
1277 2105 1312 2110 —-
1340 2092 1424 2119 Brev.
1451 2102 1504 2120 ms.

229 2126 413 2152 Bisuntinum
432 2134 504 2153 saec.
521 2124 562 2152 15.
592 2125 659 2152 Cod.
671 2125 814 2153 Bisuntin.
832 2123 875 2153 69.
888 2125 921 2152 Β.
941 2139 979 2144 -—
996 2127 1080 2153 Brev.
1099 2135 1152 2154 ms.
1165 2127 1350 2155 Bisuntinum
1369 2137 1443 2157 saec.
1460 2129 1505 2157 15.

233 2162 298 2189 Ood.
316 2162 448 2189 ‘Vatican-
469 2163 602 2190 Ottobon.
623 2161 684 2189 672.
706 2162 735 2189 Ο.
759 2177 796 2181 —
820 2163 903 2190 Brev.
926 2163 1111 2190 Bisuntinum
1134 2164 1202 2199 imp.
1228 2172 1250 2191 s.
1269 2165 1288 2191 1.
1311 2168 1340 2193 et
1365 2174 1390 2193 a.
1410 2167 1447 2194 D.
1468 2182 1505 2186 —

228 2199 274 2226 Ad
291 2199 387 2234 Magn.
409 2197 441 2232 Α,
460 2198 477 2226 5
496 2201 527 2226 in
545 2200 618 2227 coeli
637 2199 710 2227 solio
729 2201 763 2227 A.
784 2214 819 2219 —
840 2201 875 2227 In
897 2198 921 2226 1.
940 2200 1022 2227 Noct.
1043 2197 1073 2226 Β.
1093 2198 1126 2234 3,
1152 2199 1171 2227 4
1191 2201 1298 2229 Christi
1317 2205 1503 2238 passionibus

228 2236 262 2263 A.
279 2237 373 2301 1-1—41n
392 2233 417 2261 2.
437 2237 518 2264 Noct.
538 2235 561 2262 Α
581 2234 607 2268 2,
630 2235 645 2264 1
663 2237 825 2265 Posuerunt
841 2237 874 2264 A.
894 2251 931 2257 —-
948 2237 1006 2264 Die
1023 2237 1161 2271 Hymnen
1179 2239 1259 2267 siehe
1278 2240 1420 2269 Analecta
1437 2242 1506 2276 XII,

228 2282 256 2309 p.
333 2292 340 2299 .
