1656 2491
774 103 1024 137 -116—

275 199 306 231 4.
333 195 502 228 Salvatoris
527 197 641 229 Christi
664 195 780 227 famula

330 243 407 274 Post
427 243 518 281 hujus
541 243 625 274 vitae
647 241 802 272 curricula

330 288 421 319 Felix
443 291 627 327 perceptura
652 287 791 318 bravium

332 334 385 365 Ad
409 334 496 372 regni
518 334 603 364 venit
625 332 783 371 palatium,

295 406 302 413 .
328 379 513 417 Relinquens
537 381 639 409 terrae
655 378 869 417 corpusculum

329 424 372 456 Et
393 423 529 454 inferens
555 424 639 455 coelo
663 424 815 462 spiritum.

392 543 436 573 In
462 543 491 574 3.
518 542 739 576 Nocturno.

467 604 511 631 Ad
532 603 657 631 Cantica.

292 686 299 693 .
325 659 412 691 Sicut
433 669 505 691 rosa
527 668 621 699 super

371 715 518 744 aquarum
543 706 657 736 rivulos

323 751 480 782 Virtutum
502 751 594 782 Ebba

369 796 511 835 profudit
532 795 674 828 flosculos

325 842 369 873 Et
391 843 471 872 sicut
494 850 624 880 sponsus

372 890 548 926 sponsatam
571 888 745 927 monilibus,

328 933 380 964 Sic
402 933 525 964 Ebbam
547 933 696 964 Dominus

373 981 463 1010 ornat
484 979 658 1009 virtutibus.

463 1059 552 1094 Respc
559 1068 600 1086 ns<
606 1061 662 1086 mia.

295 1138 301 1144 .
327 1115 402 1146 Post
417 1117 545 1145 mortem
563 1115 671 1146 matris
683 1116 723 1147 ad
734 1116 866 1157 pristina

326 1159 455 1192 Reversi
478 1163 551 1191 sunt
571 1159 698 1200 flagitia,

326 1205 406 1243 Quos
430 1206 511 1236 truci
533 1206 637 1237 statim
659 1207 803 1239 incendio

324 1250 440 1283 Divina
464 1252 651 1290 consumpsit
673 1253 761 1284 ultio.

278 1303 297 1329 ¹.
324 1296 403 1327 Olim
426 1297 508 1328 Loth
533 1306 654 1336 egresso
678 1298 852 1337 Sodomam,

326 1341 378 1372 Sic
400 1345 470 1380 post
485 1342 608 1373 Ebbam
624 1344 746 1381 plebem
766 1345 864 1383 pessi-

324 1432 439 1464 Divina
463 1398 759 1472 consumpsitmlailltlio.

294 1512 301 1518 .
328 1486 423 1523 Quam
446 1487 534 1526 mira,
560 1497 651 1526 quam
674 1489 828 1521 mirabilia

326 1531 404 1563 Sunt
427 1535 489 1570 tua,
516 1533 647 1573 Christe,
672 1536 835 1575 magnalia,

327 1577 385 1614 Qui
408 1580 479 1608 tuae
499 1578 610 1610 Ebbae
632 1581 799 1618 praeconia

323 1622 413 1655 Ditas
437 1623 617 1655 multiformi
639 1626 747 1664 gratia.

289 1693 296 1700 .
322 1668 482 1707 Fugantur
505 1670 585 1700 enim
608 1671 768 1703 daemonia

325 1714 369 1746 Et
391 1715 472 1753 regis
498 1715 608 1746 dantur
631 1717 778 1748 subsidia.

292 1794 297 1799 .
325 1769 349 1800 O
373 1769 460 1808 virgo
484 1771 620 1808 prudens
646 1774 677 1801 et
699 1772 815 1812 inclita,

325 1814 421 1851 Quam
444 1818 531 1846 tanta
555 1817 702 1848 decorant
725 1819 845 1858 merita,

322 1860 452 1891 Veniam
475 1861 563 1892 nobis
586 1871 643 1900 pro
669 1863 796 1895 crimine

324 1906 420 1944 Apud
429 1906 582 1938 Christum
599 1910 731 1947 supplex
746 1910 860 1950 obtine,

274 1952 294 1983 “.
319 1951 365 1983 Ut
386 1960 558 1984 mereamur
580 1954 613 1984 in
637 1955 763 1987 aethere

325 1996 400 2028 Cum
423 1999 537 2029 sanctis
562 2002 663 2030 tecum
687 2002 859 2035 convivere.

287 2077 294 2083 .
320 2051 369 2083 De
391 2055 482 2083 nocte
505 2055 619 2085 saeculi

366 2098 466 2129 carnis
492 2107 509 2129 e
534 2108 657 2131 carcere

317 2143 459 2176 Prudens
484 2148 513 2175 et
537 2146 668 2185 vigilans

365 2192 396 2220 et
418 2191 548 2228 pulchra
572 2192 652 2224 facie

317 2235 461 2267 Accensa
480 2237 627 2277 lampade

365 2284 545 2315 conscendit
566 2285 665 2316 libere

991 194 1045 225 Ad
1068 194 1176 232 sponsi
1198 194 1378 233 thalamum,

1036 240 1078 271 ad
1101 240 1247 271 thronum
1270 241 1407 280 gratiae3

956 311 964 319 .
991 285 1074 323 Quae
1097 294 1155 324 pro
1179 287 1316 325 peccatis
1338 287 1497 317 hominum

990 332 1170 363 Intercedat
1192 333 1233 363 ad
1258 333 1434 366 Dominum.

1084 456 1130 486 In
1151 455 1235 486 Lau
1245 455 1313 486 dib
1322 465 1377 489 us,

1130 523 1322 558 Antiphonae.

954 604 961 611 .
989 577 1171 609 Gratuletur
1194 579 1248 617 pia

1032 626 1132 655 mater
1155 625 1287 656 ecclesia

987 669 1120 709 Superni
1143 671 1226 710 regis

1033 716 1211 747 collaudans
1233 717 1390 756 magnalia

986 761 1023 793 111
1045 770 1120 792 suae
1145 762 1272 800 virginis

1032 816 1121 838 sacra
1143 808 1302 839 memoria.

952 906 959 913 .
985 880 1131 918 Aegrotis
1157 880 1304 911 exhibens

1032 926 1141 956 salutis
1166 934 1271 965 opera,

985 972 1070 1010 Quae
1094 971 1166 1002 dum
1190 972 1310 1003 viveret

1030 1017 1063 1047 in
1087 1017 1147 1047 hac
1171 1025 1263 1048 carne
1286 1021 1404 1058 tenera,

987 1062 1087 1101 Super
1111 1061 1244 1094 afflictos

1030 1108 1083 1146 pia
1107 1109 1203 1147 gessit
1226 1109 1356 1143 viscera.

954 1208 961 1214 .
987 1180 1170 1212 Contractos
1195 1182 1295 1221 erigit,

1031 1235 1065 1257 os
1088 1227 1181 1257 mutis
1205 1228 1316 1270 aperit,

986 1272 1101 1304 Caecos
1123 1273 1287 1310 illuminat,

1029 1318 1132 1349 larvas
1158 1320 1352 1358 exterminat,

983 1363 1027 1395 Et
1049 1364 1150 1394 laesos
1175 1368 1302 1403 reparat

1031 1411 1062 1439 et
1087 1409 1206 1441 clausos
1230 1414 1361 1444 reserat.

951 1507 958 1514 .
982 1481 1155 1513 Benedicat
1176 1483 1269 1514 Ebba
1291 1484 1468 1525 Dominum,

982 1527 1105 1559 Ebbam
1130 1529 1245 1559 exaltet
1269 1538 1302 1560 os
1326 1531 1494 1572 hominum,

983 1573 1068 1610 Quae
1090 1574 1176 1604 lucet
1195 1575 1230 1605 in
1255 1575 1348 1607 choro
1376 1577 1530 1617 virginum

985 1617 1052 1650 Nec
1075 1619 1153 1650 lucis
1177 1620 1306 1652 habebit
1329 1624 1504 1657 terminum.

951 1717 959 1725 .
985 1692 1082 1729 Quam
1105 1693 1277 1725 laudabilia

1030 1738 1165 1777 Virginis
1189 1742 1338 1781 praemia,

983 1783 1076 1822 Cujus
1100 1787 1248 1816 memoria

1028 1830 1092 1861 Dat
1114 1830 1273 1872 beneficia,

982 1875 1113 1907 Moestis
1138 1880 1185 1908 est
1207 1878 1336 1918 laetitia,

983 1921 1073 1953 Salus
1097 1924 1215 1954 cunctis
1240 1928 1272 1955 et
1294 1926 1404 1964 gloria.

1096 2004 1142 2031 Ad
1160 2005 1339 2034 Benedictus.

947 2083 954 2089 .
979 2058 1166 2091 Benedictus
1190 2060 1275 2093 Deus

1024 2105 1125 2136 Israel
1146 2106 1307 2148 Dominus,

979 2150 1030 2183 Ex
1053 2152 1125 2182 altis
1149 2154 1252 2185 oriens

1025 2206 1116 2236 quem
1137 2200 1238 2230 nescit
1259 2202 1420 2243 terminus,

984 2243 1042 2281 Qui
1064 2244 1175 2276 Ebbae
1198 2246 1292 2278 vitam
1317 2248 1475 2282 lucifluam

980 2289 1025 2322 Et
1047 2290 1148 2322 lucem
1173 2292 1262 2325 dedit
1283 2299 1477 2335 perpetuam.
