1679 2491
753 89 981 124 ...15-.

384 183 430 214 Iu
454 182 681 216 Laudibus.

432 260 625 296 Antiphonae.

235 315 267 348 1.
293 314 354 346 Dei
379 315 474 355 digna
495 325 572 348 nece
593 317 680 358 ligna

339 361 389 393 De
412 362 472 393 hac
494 362 694 394 multitudine

293 407 467 448 Innovavit,
489 409 541 447 qui
565 409 708 448 regnavit

340 454 541 486 Praecinctus
565 453 759 489 fortitudine.

231 521 268 553 2.
292 519 330 550 In
356 522 554 558 conspectum
576 519 787 558 praeelectum

338 565 407 596 Hae
430 565 556 596 Domini
580 565 693 597 militia

293 610 447 652 Introivit,
473 611 546 649 quia
568 611 648 643 vivit

339 656 416 688 Cum
434 656 557 688 Christo
579 661 651 695 post
672 657 836 696 supplicia.

233 722 264 754 3,
290 720 338 750 Te
360 720 399 751 de
420 720 501 759 luce,
525 728 560 750 se
582 719 616 750 in
641 728 732 751 cruce

337 765 505 797 Laetantes
519 768 680 806 quaerunt,
694 765 836 805 Domine,

290 811 416 851 Flagris
441 811 533 849 caesi,
559 820 633 843 ense
655 812 734 843 laesi

338 858 400 889 Pro
423 860 477 888 tuo
501 860 609 888 sancto
632 857 765 890 nomine.

232 924 265 954 4.
290 922 329 952 In
353 920 481 953 fornace
503 924 540 952 ut
560 922 593 953 in
616 929 696 960 pace

337 968 414 999 Tres
428 967 648 999 collaudabant
660 968 837 1010 Dominum,

293 1013 347 1045 Sic
369 1014 403 1044 in
426 1021 519 1045 cruce
543 1013 666 1045 Christo
692 1014 769 1045 duce

340 1059 490 1091 Vicerunt
512 1060 612 1091 minas
637 1060 803 1091 hominum.

237 1126 267 1157 5.
292 1123 395 1155 Deum
420 1124 498 1155 caeli
520 1125 553 1155 in
576 1123 665 1156 fideli

337 1170 457 1209 Lauda,
484 1169 558 1201 Sion
583 1169 657 1209 filia,

290 1216 349 1254 Qui
372 1224 429 1255 per
452 1219 583 1246 mortem
607 1217 693 1247 vexit
717 1215 829 1247 fortem

340 1261 432 1293 Coelo
459 1262 539 1293 dena
562 1261 658 1293 milia.

410 1343 456 1369 Ad
474 1343 656 1370 Benedictus.

222 1399 263 1432 A.
289 1398 479 1430 Benedictus
503 1399 545 1430 sis
570 1400 713 1434 invictus,

336 1445 422 1477 Deus
447 1446 585 1484 Israelis,

289 1491 443 1530 Visitasti,
469 1490 651 1523 confortasti

338 1538 497 1577 Martyres
521 1537 680 1579 Rachelis,

291 1583 426 1622 Quorum
450 1592 545 1623 prece
568 1583 653 1616 victa
676 1592 752 1615 nece

335 1630 435 1662 Nobis
461 1631 537 1661 dare
561 1630 638 1662 velis

289 1676 483 1715 Ubertatem,
508 1677 682 1715 sanitatem,

335 1722 460 1754 Gaudia
480 1722 514 1754 in
540 1722 650 1761 caelis·,

289 1768 341 1800 Da
362 1769 520 1807 virtutem,
547 1769 588 1801 da
611 1770 743 1801 salutem

336 1816 474 1847 Praemii
498 1815 628 1855 veracis,

291 1860 357 1892 Nos
384 1864 582 1900 compunctos
606 1861 664 1891 tibi
685 1861 808 1900 junctos

335 1906 406 1938 Duc
428 1906 461 1938 in
486 1906 568 1937 viam
592 1907 689 1945 pacis

413 2019 475 2050 Ad
499 2018 645 2051 Horas

424 2092 473 2119 Ad
493 2092 630 2119 Primam.

217 2150 257 2181 A.
284 2150 376 2182 Beati
401 2150 592 2182 immaculati

334 2197 514 2237 Sequuntur
537 2199 578 2236 te,
604 2195 747 2235 Domine,

288 2242 447 2283 Crucifixi,
473 2243 569 2275 ramis
592 2242 646 2275 fixi

334 2289 483 2322 Crucifixi
507 2290 640 2323 nomine.

1099 184 1143 210 Ad
1162 184 1298 211 Tertiam.

895 226 934 258 A.
961 225 1074 265 Legem
1099 227 1171 257 vani
1195 226 1329 258 Adriani

1008 273 1084 305 Cum
1110 272 1234 304 deorum
1259 273 1383 304 numine

960 318 1004 349 Hi
1027 321 1222 357 spreverunt,
1248 318 1299 357 qui
1321 317 1447 349 fuemnt

1008 363 1115 395 Crucis
1139 365 1169 395 in
1196 364 1361 395 cacumine.

1104 428 1149 454 Ad
1169 426 1294 455 Sextam.

895 470 933 500 A.
961 469 1040 500 Nam
1067 468 1191 509 defecit,
1217 470 1367 509 quidquid
1393 468 1467 501 fecit

1007 516 1142 547 Adriani
1161 516 1300 554 minatio,

963 561 1041 592 Nam
1066 563 1098 593 in
1122 562 1230 594 mortis
1255 562 1343 593 stetit
1365 562 1465 601 portis

1008 608 1141 639 Albinus
1165 617 1234 639 cum
1258 608 1401 640 Achatio.

1107 672 1152 698 Ad
1171 672 1291 698 Nonam.

894 713 933 743 A.
958 712 1044 743 Mira
1068 713 1170 751 digne,
1194 722 1251 743 rex
1273 713 1414 752 benigne,

1005 757 1122 789 Fecisti
1146 758 1332 797 testimonia,

960 803 1041 834 Nam
1064 805 1096 835 in
1122 812 1213 835 cruce
1237 805 1320 835 victa
1343 807 1420 835 truc<

1006 849 1149 880 Vincitur
1171 850 1222 880 lex
1249 850 1398 881 erronica.

1025 933 1074 964 In
1100 934 1130 964 2.
1157 933 1368 971 vesperis.

1101 986 1296 1023 Antiphonae.

903 1034 933 1065 1.
959 1033 1084 1073 Virgam
1110 1034 1233 1072 palmae
1258 1034 1357 1066 crucis
1382 1034 1483 1065 almae

1005 1079 1055 1111 Ex
1080 1079 1153 1111 Sion
1179 1088 1247 1110 cum
1273 1079 1442 1116 victoribus

961 1125 1131 1167 Exaltavit,
1158 1134 1246 1165 reges
1270 1127 1383 1158 stravit

1007 1171 1190 1203 Sanctorum
1215 1172 1248 1202 in
1273 1172 1505 1211 splendoribus,

902 1228 933 1258 2.
959 1227 1161 1258 Benedictum
1188 1227 1229 1257 sit
1251 1227 1400 1258 invictum

1007 1272 1147 1312 Regnum
1171 1272 1388 1314 Uranicorum,

957 1318 994 1349 In
1019 1327 1080 1356 quo
1104 1319 1188 1350 clare
1210 1319 1354 1350 habitare

1006 1363 1070 1395 Dat
1093 1369 1223 1396 matrem
1247 1364 1391 1396 filiorum.

903 1420 934 1451 3.
960 1419 998 1450 ln
1021 1428 1128 1451 amara
1151 1419 1252 1450 crucis
1275 1429 1332 1451 ara

1006 1464 1167 1496 Seminant
1191 1473 1258 1496 cum
1283 1466 1420 1504 tristitia,

961 1511 1119 1544 Christum
1144 1512 1264 1551 ducem,
1290 1512 1369 1543 coeli
1392 1512 1504 1550 lucem,

1007 1556 1163 1596 Colligunt
1188 1566 1256 1589 cum
1280 1558 1410 1590 laetitia.

903 1613 935 1645 4.
960 1613 1044 1644 Justi
1066 1614 1153 1655 torti,
1179 1613 1246 1645 dati
1267 1614 1363 1645 morti

1006 1659 1049 1689 Hi
1073 1662 1146 1690 sunt
1168 1669 1225 1699 pro
1252 1664 1302 1691 tuo
1326 1660 1459 1701 nomine,

959 1705 1163 1744 Habitabunt,
1189 1706 1386 1737 exsultabunt

1007 1751 1083 1783 Cum
1108 1753 1196 1783 vultu
1219 1755 1281 1792 tuo,
1307 1752 1450 1783 Domine.

902 1808 933 1839 5.
959 1808 995 1839 In
1021 1816 1170 1845 pressura
1193 1808 1301 1838 mortis
1327 1807 1405 1839 dura

1006 1852 1200 1884 Benedixisti
1223 1852 1307 1894 filiis,

959 1899 1050 1929 Nunc
1077 1898 1117 1930 ad
1141 1907 1250 1937 pacem
1273 1908 1329 1931 nos
1347 1908 1490 1931 veracem

1007 1944 1128 1976 Horum
1153 1946 1213 1977 duc
1236 1946 1369 1978 auxiliis.

1077 2009 1123 2036 Ad
1141 2009 1317 2045 Magnificat.

892 2056 933 2089 A.
959 2056 1075 2096 Magna
1098 2056 1192 2089 laude
1216 2059 1326 2098 gaude,
1351 2059 1476 2098 plaude,

1003 2102 1156 2147 Ecclesia,
1182 2105 1256 2135 totis
1281 2104 1410 2144 viribus,

958 2149 1150 2189 Fecundata,
1178 2151 1325 2183 decorata

1005 2195 1144 2228 Millenis
1171 2198 1258 2230 denis
1282 2198 1483 2238 martyribus,

961 2242 1019 2281 Qui
1043 2243 1074 2274 in
1101 2252 1191 2276 cruce
1215 2244 1282 2277 Deo
1309 2245 1386 2277 duce

1005 2289 1154 2322 Vicerunt
1177 2292 1277 2324 minas
1302 2291 1473 2334 gentilium,
