1656 2491
751 63 1002 99 —236—

367 159 428 190 Ad
451 158 707 191 Matutinum.

439 232 645 260 Invitatorium.

302 293 453 325 Exultare
476 292 542 324 Deo

350 348 405 370 nos
431 339 579 370 condecet
602 340 633 370 et,
651 338 795 379 jubilare,

307 385 488 417 Suithunum
514 385 562 416 eui
586 385 771 423 complacuit,

347 440 441 470 super
463 434 547 462 astra
571 439 690 463 vocare.

363 569 406 599 In
434 570 462 601 1.
489 569 709 600 Nocturno.

444 641 631 677 Antiphonae.

272 727 279 734 .
305 702 490 734 Orthodoxis
513 702 693 741 parentibus

304 748 469 779 Suithunus
493 756 570 787 puer
594 748 704 787 editus,

304 794 417 834 Legem
440 803 566 825 servans
591 794 774 826 dominicam

303 840 406 871 Vitam
432 840 516 872 ducit
543 840 745 873 durissimam.

272 937 277 944 .
306 913 409 944 Servit,
431 913 496 944 Deo
520 914 553 944 111
577 914 687 944 timore

302 959 345 990 Et
369 960 502 990 exsultat
524 967 590 990 eum
615 962 757 998 tremore,

303 1005 340 1035 In
364 1004 477 1035 sanetis
502 1006 607 1036 vivens
634 1004 768 1036 moribus

302 1050 487 1089 Exemplum
510 1051 639 1089 praebet
662 1051 812 1082 omnibus.

249 1128 278 1155 ¹.
304 1123 408 1154 Multi-z
437 1132 504 1154 eum
528 1123 693 1155 virtutibus

304 1168 483 1201 Mirifieavit
506 1170 664 1208 D0m1nus‚

303 1215 351 1246 De
375 1215 536 1246 clericatus
562 1216 670 1247 ordine

308 1260 452 1292 Sanctum
475 1262 558 1299 parit
579 1261 724 1299 justitiae.

441 1361 639 1395 Responsoria.

269 1451 277 1459 .
303 1424 431 1456 Sanetus
457 1426 622 1457 Suithunus

348 1474 454 1509 pastor
476 1475 625 1509 paterque
649 1470 778 1511 futurus,

300 1516 350 1547 Ex
374 1517 553 1548 orthodoxis

350 1563 501 1602 clarisque
523 1563 702 1602 parentibus
726 1566 821 1603 ortus,

271 1634 278 1641 .
303 1608 333 1638 A
356 1617 451 1647 puero
477 1609 586 1640 didicit

350 1653 433 1685 ferre
453 1655 556 1694 jugum
581 1655 715 1688 Domini.

270 1749 277 1758 .
303 1728 451 1760 Traditur
473 1728 612 1768 ingenuis

347 1775 457 1806 studiis
480 1784 559 1813 puer
583 1776 768 1808 erudiendus

302 1820 520 1859 Doctrinisque
541 1822 637 1853 saeris

349 1869 381 1898 et
402 1867 538 1899 moribus
562 1868 778 1910 instituendus,

268 1940 274 1946 .
299 1912 479 1944 Ascendens
502 1914 648 1953 gradibus

346 1959 510 1998 presbyter
534 1958 675 1993 efficitur.

270 2060 275 2065 .
300 2033 430 2064 Praesul
453 2034 624 2066 Ventoniae

345 2087 473 2111 vacuam
496 2080 654 2112 moriendo
679 2081 804 2120 reliquit

301 2125 421 2165 Sedem,
448 2126 614 2158 Suithunus

344 2172 476 2204 Domino
502 2173 635 2205 donante
658 2174 793 2214 recepit3

266 2243 274 2251 .
299 2219 366 2251 Hoe
389 2227 454 2258 reX,
479 2219 538 2250 11οο
562 2220 661 2251 clerus

346 2265 455 2300 annuit
479 2269 509 2296 et
532 2267 673 2308 populuS.

1029 158 1074 190 In
1100 159 1130 189 2.
1156 156 1211 188 No
1224 159 1381 188 eturuo.

1107 221 1297 255 Antiphonae.

908 279 938 311 1.
963 278 1062 311 Deum
1087 286 1193 309 amans
1216 276 1353 309 fideliter

966 324 1113 357 Sacratur
1135 324 1190 355 1110
1213 324 1378 363 presbyter

964 370 1026 403 Sub
1050 371 1234 404 Hehnstano
1258 369 1406 408 pontifice

965 416 1106 449 Civitatis
1131 416 1305 448 vintoniae.

907 485 937 514 2.
964 481 1099 513 Honoris
1122 481 1210 513 illum
1234 481 1334 520 gloria

964 527 1100 565 Coronat,
1122 527 1183 559 Dei
1206 527 1316 568 gratia,

962 574 1077 606 Divina
1099 582 1249 613 spargens
1273 573 1391 604 semina

961 619 1073 651 Verbis
1097 623 1130 651 et
1151 620 1217 650 vita
1240 619 1392 658 praedita.

906 687 935 717 3.
961 685 1037 716 Ales
1063 684 1160 716 divini
1185 684 1287 723 operis

962 731 1176 770 Transmigrat
1197 731 1230 761 in
1253 732 1389 761 montem
1413 729 1482 768 Dei,

963 776 1076 809 Sancta
1098 777 1182 807 illius
1207 776 1309 807 anima

961 822 1083 861 Templi
1107 821 1144 853 fit
1167 822 1265 853 saneti
1290 821 1440 852 maehina.

1098 913 1298 947 Responsoria.

907 970 937 1001 1.
961 969 1079 1002 Ordine
1102 969 1243 1000 sublimis

1005 1015 1115 1046 merito
1139 1015 1301 1046 sublimior
1326 1023 1394 1046 esse

962 1061 1073 1099 Coepit
1095 1064 1125 1091 et
1148 1061 1283 1092 intendit

1007 1107 1046 1138 de
1069 1110 1175 1137 saneto
1200 1107 1335 1138 sane-tior
1359 1115 1435 1148 esso,

897 1152 933 1185 V.
957 1152 1069 1184 Mundi
1093 1153 1185 1191 hujus
1208 1152 1353 1184 tenebras

1005 1198 1124 1237 sprevit
1148 1201 1179 1229 et
1201 1199 1373 1231 illecebras

905 1264 936 1297 2.
962 1262 1153 1301 Pauperibus
1177 1263 1297 1294 miseris

1006 1317 1127 1347 semper
1150 1309 1258 1340 solitus
1283 1310 1434 1348 misereri,

961 1355 1044 1393 Quae
1068 1353 1191 1386 fuerant.
1213 1354 1323 1394 fracta,

1006 1402 1164 1439 reparavit
1185 1402 1333 1439 pauperis
1356 1410 1424 1441 ova,

897 1446 931 1478 V.
955 1446 1106 1478 Mirantes
1131 1446 1246 1478 factum

1004 1492 1204 1532 magnificant
1224 1493 1400 1525 Dominum.

904 1558 934 1589 3.
960 1557 1056 1588 Viven
1061 1556 1092 1588 (11
1115 1558 1213 1588 metas

1006 1603 1138 1634 adduxit
1161 1603 1264 1634 labilis
1289 1608 1384 1644 aetas,

958 1648 1032 1680 Exit
1059 1648 1098 1680 ab
1122 1650 1181 1681 hac
1204 1650 1279 1689 vita,

1006 1695 1097 1726 datur
1120 1695 1168 1726 illi
1193 1696 1256 1727 vita
1277 1696 1377 1736 beata,

960 1740 1072 1774 Obviat
1095 1742 1234 1781 angelica

1008 1787 1084 1818 coeli
1109 1796 1177 1819 eum
1201 1797 1274 1828 rege
1297 1791 1421 1822 caterva

895 1833 933 1864 V.
957 1834 1000 1865 Et
1024 1842 1093 1865 cum
1114 1834 1236 1866 laetitia

1005 1881 1080 1911 sede
1105 1881 1188 1913 locat,
1211 1890 1333 1921 supera.

1022 2000 1066 2031 In
1091 2001 1121 2033 3.
1147 2000 1372 2035 Nocturno.

1102 2074 1292 2109 Antiphonae.

905 2130 935 2163 1.
960 2130 1081 2162 Adesse
1105 2131 1191 2171 eupit
1213 2131 1322 2165 sedulo

962 2177 1094 2209 Coelesti
1118 2178 1328 2220 tabernaculo,

961 2224 1122 2262 Ingressus
1147 2225 1213 2256 sine
1235 2228 1357 2259 macula

959 2270 1137 2309 Requieseit
1160 2280 1217 2311 per
1239 2275 1373 2306 saecula.
