1674 2492
644 77 897 111 —229—

139 188 169 199 1.
196 167 259 199 Sub
284 168 400 200 tenella
423 177 495 200 mox
519 172 621 202 aetate

243 213 393 246 Crescens
418 216 581 254 sapientia,

198 261 289 291 Vitae
313 260 427 293 florens
452 262 618 294 sanctitate

241 306 370 346 Spernit
392 309 581 342 transitoria.

336 371 539 407 Responsoria.

165 443 171 450 .
199 418 292 450 Plebs
315 419 504 451 Rumoldum
528 422 702 461 veneretur,

197 465 252 497 Pia
279 466 364 504 cujus
388 465 565 498 moduletur

239 511 366 544 Laudes
395 512 487 551 pleno
512 515 648 552 pectore,

197 558 269 589 Vita
294 559 381 597 cujus
403 561 434 589 et
459 558 599 591 doctrina

195 604 354 642 Quondam
377 603 483 636 floruit
505 605 674 645 Machlina‚

240 650 332 682 Nunc
357 651 464 682 dotata
488 660 629 690 corpore.

159 723 166 729 .
191 697 324 728 Erectus
349 705 481 737 namque

238 743 386 775 virtutum
415 743 556 782 culmine,

195 790 239 822 Ut
262 790 309 821 sol
334 790 460 821 emicuit

238 835 340 875 plebis
364 836 397 866 in
426 836 555 874 agmine.

160 917 166 922 .
190 891 252 923 Hic
277 894 323 922 est
346 892 484 931 prudens
510 894 541 921 et
564 889 665 921 fidelis

195 937 303 977 Jacob,
329 937 461 969 formam
485 937 523 968 ob
548 936 694 968 Rachelis

239 985 389 1015 Parentes
412 986 444 1015 et
466 983 599 1022 patriam

192 1030 430 1070 Derelinquens‚
456 1030 496 1061 ad
521 1032 680 1067 aspectum

192 1076 253 1108 Dei
277 1076 379 1108 tendit
398 1085 455 1115 per
481 1076 660 1115 despectum

238 1123 394 1163 Spernens
419 1122 625 1162 ignominiam.

157 1195 164 1201 .
192 1169 296 1200 Genus
322 1172 353 1200 ct
378 1169 515 1206 delicias,

239 1216 365 1248 Cuhnen
391 1216 598 1255 praesulatus,

195 1262 327 1302 Regales
354 1261 478 1293 divitias

238 1308 326 1341 Gelat
350 1308 398 1340 vir
420 1308 540 1340 beatus.

159 1390 166 1397 .
195 1363 491 1402 Archipraesulatus

237 1409 361 1441 functus
386 1408 501 1449 officio,

190 1456 347 1488 Honorem
376 1464 525 1496 respuens

236 1512 296 1535 non
322 1511 409 1542 onus,
436 1502 514 1534 solio

190 1550 312 1581 Relicto
337 1550 455 1589 gloriae

235 1597 313 1628 latet
338 1596 464 1634 exs11103

154 1669 161 1676 .
188 1644 311 1683 Corpus
336 1644 464 1675 domans

235 1690 337 1721 calcat,
359 1689 524 1729 supplicia,

192 1736 301 1768 Carnis
325 1737 358 1767 in
383 1744 417 1766 se

234 1782 394 1814 trucidans
418 1781 504 1814 vitia.

251 1867 296 1898 In
323 1867 354 1899 2.
380 1865 604 1897 Nocturno.

334 1920 526 1954 Antiphonae.

158 1994 165 2000 .
192 1969 270 2001 Ortu
295 1968 396 2000 clarus
421 1975 581 2008 generose,

235 2016 360 2047 Virtute
382 2014 585 2053 praeclarior,

189 2063 227 2094 In
250 2062 402 2101 adspectu
426 2061 562 2101 gratioso

235 2109 361 2141 Cunctis
386 2107 559 2140 amabilior.

155 2192 162 2199 .
186 2165 224 2197 In
248 2166 395 2197 virtutem
420 2165 460 2198 de
482 2164 600 2196 virtute

235 2212 379 2244 Tendens
403 2212 452 2243 vir
475 2211 618 2243 amabilis

187 2259 302 2292 Sedem
323 2259 391 2291 Deo
414 2259 605 2291 concedente

234 2306 366 2339 Scandit,
388 2305 639 2345 archipraesulis.

808 172 838 203 3.

863 171 901 203 In
925 170 1071 202 honorem
1096 169 1279 201 sublimatus

910 216 1044 249 Humilis
1068 217 1101 247 in
1125 216 1233 256 gloria,

864 265 982 296 Rerum
1007 271 1100 294 censu
1125 263 1271 294 dilatatus

910 309 997 342 Vivit
1019 310 1050 340 in
1075 310 1214 348 penuria.

1001 373 1203 409 Responsoria.

832 446 838 452 .
864 423 960 455 Juxta
985 420 1112 452 verbum
1136 420 1196 451 viri
1219 420 1279 451 Dei

863 467 944 499 Novi
968 466 1055 498 velut
1076 466 1195 498 Elisaei

907 512 1109 544 Fecundatur
1133 512 1257 550 sterilis

866 560 959 598 Cujus
985 562 1090 590 natum
1111 566 1200 589 sacro
1229 558 1307 590 lavit

862 606 974 643 Fonte,
1003 605 1125 636 demum
1150 612 1237 644 quem
1263 604 1398 644 privavit

910 652 981 683 Vita
1007 660 1113 683 cursus
1137 649 1280 685 fluminis,

863 698 1028 729 Parentum
1052 699 1157 736 itaque

908 747 1033 775 sanctus
1054 744 1208 782 solatium,

863 791 954 821 Vitae
977 790 1115 821 restituit

908 836 1101 867 submersum
1124 835 1232 867 filium.

866 892 981 923 Hostes
1003 892 1130 922 tandem
1154 891 1280 929 pictatis

910 936 1159 976 Contemptorem
1186 937 1301 975 copiae,

860 984 1041 1015 Amatorem
1066 984 1204 1015 veritatis

908 1030 999 1062 Cultu
1024 1030 1080 1061 sub
1105 1029 1230 1068 inopiae

859 1076 1069 1107 Acstimantes
1094 1077 1287 1115 paupertatis

906 1121 1014 1153 Virum
1038 1124 1177 1154 mactant
1199 1122 1303 1161 impie.

860 1168 912 1200 Sic
935 1169 1049 1200 rubens
1073 1169 1178 1200 rosula

907 1224 1016 1246 eruore
1039 1215 1167 1254 proprio

864 1261 948 1293 Cocli
972 1261 1117 1293 sublimia

905 1308 986 1347 petit
1008 1307 1168 1347 martyrio.

828 1387 834 1394 .
861 1363 885 1395 O
911 1362 1096 1404 mirandum,
1122 1362 1366 1402 praedicandum

904 1409 1023 1442 Virum?
1051 1410 1137 1447 cujus
1160 1409 1278 1440 moritis

861 1455 967 1487 Turba
991 1455 1075 1486 cedit
1099 1458 1129 1486 ct
1153 1455 1260 1487 obedit

905 1502 1108 1542 Daemonum,
1132 1510 1211 1541 quae
1233 1502 1332 1533 n1fliti=

861 1548 934 1580 Sitit
957 1549 1053 1580 vitam
1074 1550 1139 1588 J'am
1163 1549 1301 1580 attritam

903 1595 954 1627 Ab
978 1596 1049 1634 ipsa
1072 1595 1243 1635 suppliciis.

857 1642 933 1674 Mox
958 1651 976 1673 a
999 1642 1092 1674 turba

904 1688 995 1730 liber,
1021 1697 1082 1727 qua
1103 1689 1266 1728 premitur,

859 1735 1030 1767 semivivus

900 1790 1007 1820 sospes
1032 1779 1175 1813 efficitur.

923 1865 969 1897 In
995 1867 1025 1899 3,
1052 1864 1108 1896 No
1120 1866 1275 1896 cturno.

1003 1920 1193 1955 Antiphonae.

825 1995 832 2001 .
857 1967 963 1999 Solum
986 1967 1086 1998 Deum
1111 1968 1331 2008 concupiscens

904 2014 1077 2045 Descendit
1103 2013 1142 2046 de
1162 2014 1271 2054 gloria,

857 2061 943 2093 Loca
966 2061 1097 2092 tendens
1122 2061 1162 2092 ad
1188 2062 1312 2094 deserta

906 2108 1082 2140 contemnit
1104 2107 1256 2140 sublimia.

827 2191 832 2196 .
858 2163 1001 2195 Tandem
1026 2163 1137 2195 ductus
1159 2165 1191 2195 in
1217 2164 1372 2197 desertum

904 2210 999 2242 Sacro
1026 2210 1104 2242 duce
1127 2212 1249 2254 spiritu,

858 2257 922 2289 Ubi
944 2267 1029 2289 nunc
1050 2257 1211 2291 Machlina
1235 2259 1305 2300 sita,

904 2304 1027 2343 Quievit
1050 2314 1070 2337 a
1092 2307 1234 2345 strepitu.
