1679 2491
275 182 327 214 Sic
350 181 486 213 Blaauus
509 181 617 212 micuit

322 227 430 259 sitiens
455 229 592 260 aeterna.

219 285 249 316 3.
276 283 428 316 Columna
448 290 623 314 marmorea

321 329 390 360 basi
413 331 499 360 stans
524 329 644 368 argenti

273 375 351 406 Fuit
375 375 440 414 eJ'us
466 374 593 406 castitas

321 430 388 452 cum
412 419 476 452 fide
500 418 644 452 ferventi.

415 493 617 529 Responsoria.

243 577 249 584 .
278 550 410 583 Gulosos
436 551 563 582 damnat
586 549 702 581 saeculi

276 598 337 629 Per
363 597 563 635 disciplinam
586 596 687 634 vituli,

278 644 336 675 Cui
362 651 429 674 cum
454 643 574 681 signum
599 641 745 681 apposuit

280 689 398 728 Crucis,
424 689 530 719 statim
554 687 714 725 abstinuit,

277 734 447 766 Contentus
471 734 568 765 semel
591 741 710 772 sugere,

276 781 401 812 Docens
424 788 480 811 nos
504 787 600 817 parce
624 779 739 811 vivere.

241 855 249 862 ,
276 827 328 858 Sic
356 827 499 857 columna
521 825 643 856 stabilis

325 872 415 904 fulsit
439 872 489 903 dei
514 871 672 911 templum,

276 919 369 951 Vitae
393 919 493 950 bonae
516 918 649 956 posteris

323 965 502 1004 relinquens
525 964 708 1002 exemplum.

248 1046 254 1053 .
280 1020 366 1060 Ignis
390 1018 549 1057 mirificus,

328 1066 443 1098 ducens
467 1065 599 1104 populos
622 1064 656 1095 in
680 1072 825 1106 amorem,

281 1112 390 1152 Piscis,
417 1112 496 1151 apri,
524 1111 607 1143 cervi

329 1158 447 1190 cunctis
462 1158 538 1189 dant
549 1157 638 1197 signa
650 1159 807 1195 stuporem
817 1168 825 1196 3

247 1230 253 1237 .
280 1205 365 1237 Hinc
387 1205 536 1236 resonent
558 1203 671 1241 psalmi

327 1251 449 1282 meritis
472 1249 620 1280 antistitis
644 1249 728 1280 almi.

250 1334 256 1340 .
283 1306 307 1338 O
332 1305 410 1337 felix
433 1304 582 1335 transitus

327 1350 440 1383 Blaani
463 1349 627 1389 praesulis,

281 1398 361 1429 Bota
385 1405 467 1428 nunc
488 1396 603 1436 J'ubilet

327 1452 405 1483 prae
430 1442 548 1473 cunctis
571 1442 691 1477 insulis,

281 1491 366 1529 Quae
389 1490 483 1520 talem
507 1488 639 1527 protulit

329 1536 486 1568 concivem
511 1534 638 1574 angelis,

279 1584 347 1622 Quo
372 1582 481 1613 domus
504 1580 631 1612 Domini

330 1628 430 1668 fulget
452 1627 620 1658 miraculis.

246 1700 253 1707 .
280 1675 364 1712 Jesu,
390 1682 446 1706 nos
471 1673 587 1713 adjuva

328 1721 439 1753 Blaani
462 1719 617 1758 precibus,

282 1767 421 1799 Offensas
448 1766 579 1806 diluens,

330 1812 433 1844 ditans
456 1811 634 1843 virtutibus

378 1904 396 1935 1
403 1913 426 1934 n
448 1902 477 1934 L
485 1911 532 1934 au
541 1902 562 1933 d
568 1902 580 1932 i
587 1902 607 1933 b
617 1910 639 1931 u
647 1911 673 1933 s.

428 1965 620 2001 Antiphonae.

251 2052 257 2059 .
283 2024 408 2056 Laudes
432 2022 500 2055 Deo
526 2022 647 2053 debitas

328 2071 441 2103 devote
463 2068 642 2106 reddamus,

826 86 869 121 79

882 1155 921 1186 A.

944 181 1003 220 Qui
1025 181 1137 212 Blaani
1160 181 1312 219 praesulis

990 226 1072 258 festa
1096 226 1297 259 celebramus.

943 283 1053 314 Virum
1077 283 1216 313 sanctum
1240 281 1427 320 praedicans

989 328 1069 360 livor
1093 328 1165 360 novi
1189 326 1294 369 fontis,

943 374 1037 415 Signo
1061 374 1137 406 satis
1162 373 1330 412 obstupens

988 420 1078 458 plebs
1099 420 1335 452 monocerontiS.

912 500 918 507 .
944 476 1052 507 Mente
1075 475 1159 516 vigil,
1188 484 1316 513 corpore

994 521 1148 552 dormiens
1172 525 1208 551 ut
1230 521 1288 559 leo,

946 567 1055 606 Orans,
1081 566 1228 606 psallens,
1255 566 1449 605 praedicans,

992 613 1039 643 sic
1062 613 1204 644 adhaesit
1228 612 1306 645 Deo.

945 668 1138 699 Benedicant
1161 667 1327 698 Dominum

991 721 1096 744 omnes
1122 717 1292 752 creaturae,

945 759 1028 790 Dum
1051 767 1109 797 pro
1133 759 1248 790 sanctis
1271 758 1411 796 singulae

991 807 1112 836 mutant
1135 804 1198 835 vim
1221 806 1361 835 naturae.

946 859 1071 891 Prosint
1096 859 1185 890 nobis
1210 858 1320 889 merita

992 905 1075 936 beati
1101 905 1220 942 Blaani,

947 951 1008 982 Per
1030 959 1120 990 quem
1144 951 1230 990 aegri
1256 949 1373 989 duplici

993 997 1100 1028 morbo
1124 996 1202 1028 fiunt
1226 997 1305 1029 sani.

1068 1097 1114 1124 Au
1132 1096 1313 1123 Benedictus.

948 1155 1024 1187 Jcsu
1049 1153 1237 1192 dulcissime,

993 1208 1102 1239 preces
1128 1199 1292 1230 considera

949 1245 1061 1277 Blaani
1083 1245 1247 1283 praesulis,

995 1300 1057 1322 non
1080 1293 1188 1321 nostra
1210 1290 1339 1326 scelera,

948 1337 1027 1378 Ejus
1053 1337 1094 1368 da
1115 1336 1246 1374 meritis,

997 1385 1031 1413 ut
1053 1390 1150 1421 mens,
1175 1391 1246 1421 VOX,
1272 1389 1367 1420 opera

950 1430 1066 1460 Tecum
1089 1437 1145 1459 nos
1171 1428 1322 1459 collocent

994 1476 1026 1506 111
1051 1477 1141 1514 parte
1167 1474 1304 1505 dextera.

1019 1608 1062 1639 In
1088 1609 1119 1640 2.
1145 1608 1167 1639 V
1183 1608 1356 1646 asperis.

1071 1675 1117 1703 Aa
1135 1674 1310 1709 magnificat.

950 1741 1085 1781 Ardens,
1109 1741 1226 1779 lucens,
1252 1740 1400 1778 eminens,

995 1789 1115 1826 lampas
1141 1785 1302 1826 castitatis,

949 1835 1042 1865 Alme
1064 1831 1202 1871 praesul,
1229 1832 1328 1862 oleum

996 1879 1114 1918 praebe
1133 1878 1271 1916 pietatis,

949 1925 1069 1956 Lumen
1092 1922 1209 1964 praebe
1232 1924 1352 1963 gratiae

996 1979 1109 2002 sanans
1133 1979 1152 2001 a
1174 1970 1322 2009 peccatis,

950 2017 1020 2049 Duc
1043 2026 1098 2049 1105
1123 2017 1164 2048 ad
1187 2019 1371 2055 perpetuum

997 2072 1125 2103 regnum
1149 2063 1311 2096 claritatis

291 2154 376 2181 Brev.
404 2152 608 2180 Abel-(lenense
633 2152 701 2185 imp
727 2148 913 2182 Edinburgae
941 2145 1021 2174 1510.
1041 2161 1078 2165 —
1096 2146 1132 2172 In
1159 2144 1183 2172 1,
1206 2146 1291 2180 Vesp.
1312 2145 1357 2172 Ad
1375 2146 1495 2180 Magnif.

283 2190 303 2218 4
329 2191 446 2227 praesul
474 2189 554 2217 fehlt.
582 2202 617 2207 --
643 2188 688 2215 Ad
712 2181 971 2214 Matut.1nvit.3
997 2192 1039 2219 sq.
1067 2184 1128 2217 Quo
1157 2185 1224 2210 sunt
1246 2185 1402 2219 praecipue
1424 2183 1498 2211 festa

214 2190 255 2226 Α
409 2229 445 2256 111
467 2226 491 2254 1.
511 2226 594 2254 Noct.
615 2224 637 2252 A
658 2223 684 2260 2,
707 2223 721 2251 1
743 2223 939 2258 exstinguerit.
960 2236 995 2241 —
1016 2221 1037 2246 A
1058 2219 1083 2256 3,
1108 2219 1121 2247 1
1142 2222 1249 2248 virtute
1269 2223 1319 2247 est.
1340 2236 1360 2241 —
1391 2219 1411 2247 R
1433 2218 1457 2253 ‘'‚
1479 2219 1496 2248 8

214 2200 407 2302 ffssan‘lagae.
434 2280 471 2285 -—
495 2265 530 2292 In
549 2263 640 2291 Laud.
661 2261 684 2290 Α
704 2260 734 2295 2,
759 2259 779 2289 4
801 2260 1011 2288 monoceroutis
1036 2257 1106 2293 (sic).
1132 2273 1167 2277 —
1195 2256 1218 2284 A
1246 2257 1316 2291 5,1
1344 2258 1500 2294 Proposuit

214 2304 307 2332 nobis.
323 2318 358 2323 —
379 2303 424 2330 Ad
443 2301 549 2330 Bened.
570 2300 602 2335 A,
623 2300 640 2328 7
660 2300 788 2328 collocet.
810 2313 844 2317 —
865 2297 909 2323 Ad
928 2297 1023 2332 Magn.
1044 2294 1075 2330 Α,
1096 2294 1113 2322 5
1133 2296 1236 2332 gratia.
