1674 2492
667 78 923 113 —243—

184 194 191 201 .
217 168 343 200 Extunc
369 169 492 202 Christo
517 173 632 212 vivere,

222 215 344 247 Christo
369 225 482 255 parere
506 219 627 251 studuit

220 261 335 302 Verbo,
362 262 475 295 affectu
499 267 530 296 et
554 273 657 304 opere.

188 342 195 350 .
223 317 279 349 Vir
302 318 439 350 invictae
464 320 655 352 constantiae

217 364 285 396 Deo
311 365 479 403 disponens
505 367 618 405 vivere,

220 411 261 443 Se
283 410 386 450 ipsum
411 413 542 451 opponit
564 421 685 444 murum

222 456 338 489 Contra
361 457 503 489 incursus
528 459 672 498 hostium,

221 503 270 535 Ne
295 504 479 536 subvertant
503 505 666 536 ecclesiam

219 550 291 589 Dei,
318 550 404 588 cujus
427 551 493 591 agit
517 560 649 591 eausam,

187 621 193 628 .
220 597 279 635 Qui
302 605 360 628 nec
384 595 487 637 frangi
509 598 597 630 novit
620 597 711 629 minis

222 642 289 674 Nec
313 643 430 675 molliri
453 644 624 676 blanditiis.

188 723 196 730 .
222 699 387 731 Instabant
407 700 508 731 modis
532 700 636 740 variis,

221 745 266 778 Ut
286 746 338 784 jus
363 746 513 777 ecclesiae
536 747 618 786 regis

224 791 409 824 Conferrent
431 793 464 825 in
490 793 664 832 arbitrium,

223 838 286 870 Sed
311 839 445 870 Thomas
469 839 605 871 illudens
631 841 735 872 dolum

226 885 354 923 AdJ‘ecit
376 885 437 916 Dei
460 885 610 918 honorem

224 931 350 963 Salvum
376 934 407 962 et
430 941 518 964 suum
543 933 694 966 ordinem.

190 1005 196 1010 .
222 978 246 1010 Ο
271 978 486 1017 praedicanda
510 979 653 1019 saeculis,

223 1025 247 1056 O
272 1024 415 1055 miranda
438 1025 611 1057 sacerdotis

225 1069 397 1109 Confessio,

226 1116 319 1155 Cnjus
344 1116 521 1156 praefulget
542 1117 652 1148 merito

224 1162 402 1202 Martyrum
425 1164 457 1195 in
482 1172 620 1195 numerO.

289 1274 334 1305 In
359 1276 390 1306 2.
417 1274 474 1306 No
485 1277 639 1306 cturno.

369 1342 561 1378 Antiphonae.

195 1423 203 1431 .
228 1400 342 1430 Preces
367 1399 505 1430 Thomae
529 1408 597 1431 cum
621 1398 754 1442 fletibus,

225 1444 353 1477 Infusae
378 1445 438 1477 Dei
463 1446 599 1485 auribus,

222 1492 398 1523 Reductum
423 1493 462 1524 ab
488 1493 597 1524 exsilio

221 1538 358 1577 Dignum
382 1540 520 1571 reddunt
543 1540 703 1577 martyrio.

189 1618 196 1625 .
223 1594 418 1626 Lactentium
443 1595 631 1635 proscriptio

225 1641 329 1673 Patris
352 1641 491 1673 Thomae
513 1641 664 1680 martyrio

226 1687 345 1719 Laudis
369 1688 499 1720 adauxit
521 1688 655 1727 titulum,

224 1733 289 1772 Quo
317 1735 430 1766 stravit
452 1734 676 1767 adversarium.

168 1790 198 1820 Ρ.
224 1789 341 1820 Arcum
365 1790 500 1821 tetendit
522 1790 636 1829 impius

222 1836 314 1868 Pium
338 1836 473 1875 petendo
498 1835 670 1876 fraudibus,

224 1882 399 1922 Utrumque
422 1883 477 1914 sed
499 1882 690 1921 justissimus

224 1929 444 1969 Interrogabat
467 1937 523 1960 rex
546 1929 641 1961 Deus.

361 2011 566 2047 Responsoria.

189 2101 196 2108 .
222 2074 369 2114 Thomas,
394 2077 516 2114 martyr
535 2075 759 2114 sanctissimus,

224 2121 376 2159 Anfflstes,
409 2120 603 2163 Cantuarius,

222 2168 396 2200 Lundoniis
421 2168 571 2201 oriundus

221 2216 321 2248 Justis
345 2215 406 2255 piis
430 2216 624 2255 parentibus,

221 2264 251 2295 A
275 2262 369 2301 primi
392 2263 462 2294 aevi
485 2265 627 2303 tempore

224 2308 324 2341 Donis
350 2309 470 2341 ditatur
492 2311 629 2350 gratiae3

824 172 861 206 V.
886 170 967 203 Erat
990 170 1090 203 forma
1116 171 1255 211 decorus,

831 320 863 352 2.

889 218 1061 258 Perspicax
1081 218 1214 260 ingenio,

888 265 1041 304 Prudens,
1069 264 1167 296 dulcis
1193 264 1325 303 eloquio.

888 319 1056 352 Testantur
1080 319 1142 352 tria
1165 329 1222 359 pro
1247 323 1395 361 martyre,

890 365 1035 405 spiritua
1062 375 1142 406 aqua
1167 375 1235 397 cum
1259 367 1417 407 sanguine,

887 412 968 443 Nam
994 415 1100 444 sancto
1115 415 1296 451 praestante
1310 412 1435 444 flamine

889 458 1026 490 Thomae
1050 460 1174 499 sanguis
1195 460 1228 491 in
1244 463 1319 498 potu
1336 468 1434 499 aquae

885 505 1026 536 Mortuos
1050 505 1188 536 restituit
1211 506 1304 537 vitae.

888 550 1022 583 Excitae
1046 555 1152 591 gentes
1175 552 1314 591 undique

887 597 1109 629 Miraculorurn
1132 597 1255 638 fulgure

888 644 1081 676 Concurrunt
1106 643 1268 676 afferentes

887 690 1030 728 Munera,
1057 694 1138 730 vota,
1164 699 1284 730 preces·

853 768 861 776 .
887 745 931 778 Ut
956 749 1115 778 constaret
1138 746 1290 786 omnibus,

887 793 976 831 Quod
992 793 1034 825 sit
1044 793 1177 825 Thomas
1193 793 1299 832 paffla
1311 792 1431 833 dignus,

889 838 984 871 Ensis
1009 838 1127 871 fractus
1150 840 1184 871 in
1207 840 1314 878 lapide

891 884 1019 924 Signum
1044 886 1131 918 dedit
1155 886 1321 925 victoriae3

892 931 1044 971 Christus,
1070 936 1161 971 petra
1181 932 1330 972 J'ustitiae,

893 980 991 1010 Arma
1010 977 1105 1018 fregit
1127 979 1274 1010 malitiae.

856 1048 864 1055 .
890 1024 936 1057 Ut
959 1027 1057 1056 staret
1079 1025 1209 1056 libertas
1236 1024 1394 1064 ecclesiae,

891 1071 1036 1103 Occurrit
1057 1072 1183 1110 praesul
1207 1071 1330 1111 gladiis,

893 1116 1010 1155 Sponte
1031 1117 1082 1155 jus
1107 1118 1228 1156 lapsum

892 1163 1121 1202 Redemptums
1146 1164 1303 1204 sanguine.

954 1275 1000 1306 In
1026 1275 1055 1307 3.
1082 1274 1138 1305 No
1149 1277 1215 1306 ctu
1225 1283 1307 1308 rnO.

1034 1341 1225 1378 Antiphonae.

858 1427 865 1433 .
890 1399 1027 1431 Thomae
1050 1398 1129 1431 fides
1155 1402 1185 1430 et
1208 1399 1289 1431 actio

890 1445 1035 1477 Formam
1060 1446 1175 1478 dedere
1195 1446 1347 1486 proximo,

890 1492 952 1525 Per
976 1501 1067 1531 quam
1091 1492 1258 1532 malignum
1283 1495 1422 1524 sternere

894 1537 1089 1578 Gristumque
1111 1539 1211 1578 possit
1236 1547 1371 1570 cernere.

856 1619 862 1625 .
889 1596 950 1627 Pro
975 1595 1076 1626 sancti
1097 1594 1235 1626 Thomac
1258 1595 1377 1626 meritis

892 1641 1009 1673 Caecus
1032 1641 1128 1685 videt,
1156 1642 1268 1673 surdus
1293 1641 1390 1681 audit,

891 1688 1026 1720 claudus
1051 1688 1158 1727 currit,
1182 1689 1271 1727 lepra
1295 1687 1383 1728 fugit,

891 1734 1078 1766 Redduntur
1102 1734 1186 1766 vitae
1209 1735 1334 1766 mortui.

859 1814 865 1822 .
890 1790 1031 1822 Montem
1055 1791 1204 1822 virtutum
1229 1790 1380 1821 scandere

889 1836 1050 1875 Thomam,
1075 1836 1195 1876 fideles,
1223 1837 1350 1877 cernite,

892 1882 1015 1915 Mentes
1038 1892 1146 1914 manus
1171 1883 1315 1926 attollite,

892 1929 985 1961 Illum
1008 1931 1095 1969 sequi
1120 1930 1306 1963 contendite.

1032 2012 1235 2049 Responsoria.

860 2100 867 2106 .
892 2074 944 2106 Aa
968 2075 1139 2107 sedandam
1161 2077 1363 2116 tyrannorum

939 2121 1124 2161 Superbiam

894 2169 1038 2201 Ostendit
1061 2169 1195 2202 Thomas
1220 2170 1378 2210 signorum

937 2216 1122 2259 Potentiam,

890 2262 934 2294 Et
957 2263 1062 2295 statim
1085 2263 1149 2296 fide
1172 2263 1295 2297 firmata

891 2311 974 2342 Pace
997 2311 1112 2351 gaudet
1135 2312 1275 2344 ecclesia.

1203 2367 1262 2396 16*
