1679 2491
192 322 212 355 1

191 470 212 502 2

193 618 212 650 3

191 764 212 796 4

191 913 210 943 5

192 1059 211 1089 6

696 102 944 136 —115-—

315 194 360 225 In
385 194 416 226 1.
442 194 668 226 NocturnO.

391 261 585 297 Antiphonae.

219 345 226 352 .
252 321 340 353 Sicut
361 320 469 354 florem
494 323 567 354 vitis
591 332 719 355 munera

250 367 303 399 Sic
324 368 447 400 Ebbam
469 369 504 400 in
528 370 626 409 stirpe
649 370 735 410 regia

249 414 341 446 Felix
362 416 514 455 produxit
536 415 709 449 Britannia.

217 493 225 501 .
250 469 423 502 Ethelfridi
446 471 528 510 regis
551 470 628 511 filia,

252 515 354 548 Oswiu
378 525 467 548 soror
492 518 604 549 eximia

249 561 292 593 Et
315 561 443 602 ngridi
467 567 535 595 erat
557 564 661 596 amita.

217 642 224 650 .
252 616 352 649 Olaris
378 621 485 650 exorta
508 619 664 650 natalibus

249 663 403 695 Mundum
415 662 487 704 fide,
502 663 633 696 formam
646 664 794 704 moribusz

250 708 294 740 Et
317 717 425 740 sexum
447 710 523 741 vicit
546 710 724 742 virtutibus.

215 786 222 794 .
249 763 287 795 In
309 764 389 794 urbe
411 764 606 803 triumphans
631 764 743 796 Coludi

249 808 349 841 Carne
368 810 485 840 munda
500 812 531 840 et
548 810 640 841 corde
659 810 795 849 simplici

250 853 352 894 Caput
376 855 436 886 diri
462 856 609 887 contrivit
631 856 759 888 colubri.

215 935 222 943 .
247 909 362 942 Divino
388 911 531 942 conducti
555 910 683 943 foedere

249 955 293 987 Et
315 956 376 987 viri
399 957 490 987 simul
515 960 546 987 et
567 956 701 989 feminae

250 1001 313 1033 Sub
340 1010 376 1034 ea
399 1003 576 1041 gaudebant
599 1004 713 1036 vivere.

215 1082 222 1089 .
248 1057 365 1089 Puellis
389 1059 520 1088 matrem
543 1057 693 1089 instantia

246 1103 292 1135 Et
313 1103 391 1134 viris
414 1106 537 1142 patrem
562 1105 737 1136 constantia

246 1150 343 1188 Quam
365 1149 446 1181 mira
468 1157 502 1180 se
528 1150 616 1181 dedit
638 1151 751 1190 gratia.

386 1245 589 1280 Responsoria.

213 1329 220 1338 .
245 1305 443 1338 Ethelridam
467 1307 616 1338 instruxit
639 1307 757 1346 sedula,

248 1353 334 1391 Quae
357 1355 455 1390 nupta
480 1354 511 1383 et
534 1352 601 1384 sine
625 1354 747 1385 macula

245 1398 369 1429 Relicta
392 1398 491 1438 regali
514 1399 626 1438 copula

245 1444 358 1475 Ebbae
379 1442 465 1475 facta
490 1448 538 1475 est
562 1444 725 1485 discipula,

243 1490 361 1522 Labori
385 1493 575 1522 commutans
600 1491 674 1534 otia,

247 1536 389 1568 Claustro
402 1546 531 1577 regnum
541 1539 572 1568 et
581 1538 666 1568 duris
675 1537 790 1570 mollia.

244 1592 328 1624 Dum
352 1592 478 1633 quidam
501 1594 658 1625 nolentem
673 1593 791 1625 nubere

243 1639 349 1678 Raptu
373 1640 501 1670 molitur
524 1640 712 1679 opprimere,

244 1686 372 1717 Latenti
395 1686 490 1717 maris
517 1684 682 1717 confinium

245 1732 365 1763 Triduo
392 1732 481 1764 dedit
502 1732 705 1771 praesidium,

210 1803 218 1811 .
244 1777 361 1809 Contra
382 1781 551 1816 tyrannum
574 1778 757 1817 superbiens

240 1824 285 1855 Et
301 1826 437 1854 montem
452 1824 545 1855 undis
562 1824 789 1863 praemuniens.

242 1879 428 1912 Sanctorum
451 1878 545 1910 Ebba
569 1878 775 1917 frequentiam

244 1926 382 1966 Optabat
405 1925 444 1956 ob
469 1925 557 1957 verbi
581 1925 723 1964 gratiam,

242 1973 327 2011 Quae
352 1972 503 2011 exemplis
527 1974 620 2010 atque
643 1971 769 2003 monitis

240 2019 388 2051 Formam
415 2017 511 2050 dabat
534 2018 595 2050 sibi
619 2017 770 2056 subditis3

241 2065 418 2097 Praeclaris
441 2073 500 2105 per
524 2065 631 2096 orbem
654 2064 756 2095 titulis

239 2112 293 2144 Ex
314 2112 420 2143 multis
447 2110 562 2143 effulsit
583 2111 714 2143 meritis.

243 2168 431 2200 Cuthbertus
456 2168 579 2200 Ebbam
603 2167 773 2207 praecipuo

238 2216 357 2247 Amore
382 2215 591 2255 complectens
616 2213 742 2246 assiduo

240 2261 404 2301 Subjectos
429 2261 490 2293 sibi
513 2261 669 2293 instruere

238 2308 283 2340 Et
305 2308 387 2341 hanc
412 2307 569 2348 gaudebat
589 2307 736 2347 invisere,

850 196 890 229 V.
915 195 1006 228 Licet
1028 198 1066 228 ut
1088 195 1172 227 virus
1198 196 1354 228 consortia

917 241 1080 274 Devitaret
1104 242 1276 274 muliebria.

978 366 1024 398 111
1049 368 1081 400 2.
1106 367 1327 401 Nocturno.

1061 435 1252 470 Antiphonae.

862 491 892 523 1.
921 489 1123 522 Contemnens
1147 492 1256 523 mundi
1278 491 1407 530 gloriam

919 537 980 569 Per
1005 537 1105 568 carnis
1130 538 1350 569 continentiam

920 581 1041 614 Christo
1065 592 1099 614 se
1123 583 1212 614 dedit
1233 584 1374 615 hostiam.

862 639 892 669 2.
920 636 963 670 Ut
986 638 1150 677 paradisus
1176 636 1321 679 effloruit,

919 683 971 714 Sic
993 683 1048 714 ille
1071 684 1156 715 locus
1181 685 1300 724 enituit,

917 729 999 759 Dum
1023 730 1088 760 vita
1111 733 1287 761 sanctorum
1311 730 1432 762 claruit.

861 785 890 816 3.
917 783 1034 815 Invidit
1058 792 1186 823 serpens
1210 784 1402 816 successibus

916 828 961 860 Et
983 830 1092 868 primis
1116 830 1249 862 nocendi
1273 830 1391 862 artibus

916 874 1076 906 Venenum
1098 874 1215 907 infudit
1237 876 1401 909 mentibus,

852 930 883 961 4.
910 929 998 961 Siout
1019 930 1088 961 Eva
1112 931 1211 962 virum
1235 932 1330 971 exuit,

917 975 969 1006 Sic
993 974 1093 1007 forma
1116 977 1199 1008 viros
1223 977 1363 1008 destituit

916 1021 960 1052 Et
982 1022 1089 1053 stellas
1111 1022 1143 1053 in
1167 1022 1282 1054 luctum
1308 1023 1396 1055 eruit.

860 1078 891 1109 5.
917 1076 999 1107 Dum
1022 1077 1067 1109 ita
1089 1078 1213 1109 luderet
1236 1077 1327 1117 furia,

916 1123 1004 1154 Haec
1027 1123 1124 1155 hostis
1148 1125 1230 1155 inter
1253 1125 1364 1156 illudia

915 1168 1039 1200 Ebbam
1062 1169 1180 1201 latebat
1203 1170 1326 1208 injuria.

860 1225 890 1256 ὃ.
918 1224 942 1255 Ο
967 1223 1043 1255 felix
1065 1227 1165 1256 mater
1190 1229 1221 1256 et
1245 1226 1378 1265 domina,

916 1269 1029 1302 Funde
1051 1279 1110 1310 pro
1132 1271 1222 1303 nobis
1246 1272 1427 1310 precamina

914 1316 958 1346 Et
981 1320 1089 1348 nostra
1110 1320 1198 1358 terge
1220 1318 1409 1357 peccamina,

1053 1397 1256 1433 Responsoria.

860 1454 888 1486 1.
915 1453 1139 1492 Adampnanus
1163 1457 1257 1486 noetu
1280 1454 1402 1487 fletibus

914 1500 952 1531 In
974 1503 1076 1531 stratu
1098 1509 1213 1532 vacans
1238 1505 1270 1532 et
1291 1502 1437 1541 precibus

916 1546 1052 1578 Coelesti
1074 1547 1196 1586 accepit
1218 1548 1325 1579 nuntio

914 1592 964 1624 De
986 1593 1048 1624 loci
1071 1592 1162 1632 hujus
1187 1594 1318 1633 excidio,

913 1639 1045 1671 Ostensa
1069 1643 1116 1670 est
1140 1639 1168 1670 ei
1192 1639 1270 1671 visio

915 1685 1041 1717 Crudeli
1064 1688 1139 1717 nota
1161 1686 1335 1725 praesagio.

858 1742 888 1773 2.
914 1740 1088 1772 Revelabat
1109 1740 1220 1772 Ebbae
1242 1744 1353 1781 postea

913 1787 1060 1818 Peritura
1081 1785 1214 1818 flammis
1238 1787 1349 1828 omnia,

915 1832 979 1863 Sed
1001 1832 1036 1863 id
1059 1832 1196 1863 habebat,
1217 1832 1330 1873 solatii,

913 1878 988 1917 Ipsa
1011 1878 1136 1909 vivente
1158 1887 1219 1910 non
1242 1877 1321 1918 fieri,

912 1924 1006 1955 Tanti
1029 1925 1145 1963 quippe
1169 1928 1236 1956 erat
1258 1925 1370 1964 meriti,

913 1970 1001 2008 Quod
1023 1976 1152 2009 possent
1168 1980 1256 2003 casus
1273 1974 1336 2003 tam
1353 1972 1459 2003 miseri

912 2016 988 2055 Ipsa
1012 2017 1135 2049 vivente
1158 2027 1220 2049 non
1243 2016 1322 2049 fieri.

856 2073 887 2105 3.
912 2072 972 2103 His
997 2073 1084 2112 virgo
1109 2073 1214 2105 verbis
1239 2074 1398 2105 admonita

914 2118 1019 2150 Corda
1040 2128 1158 2158 pavore
1180 2120 1350 2159 perterrita

911 2166 965 2197 Ad
989 2165 1105 2204 primos
1129 2169 1216 2198 actus
1241 2167 1360 2207 erigere

914 2211 1039 2243 Salubri
1062 2212 1201 2245 instabat
1222 2222 1325 2254 opere,

911 2258 1082 2290 coelestem
1105 2259 1184 2292 iram
1206 2261 1361 2301 repellere

910 2305 956 2338 Et
978 2305 1060 2338 vires
1083 2306 1181 2339 hostis
1205 2307 1387 2348 reprimere.

1246 2360 1288 2391 8*
