<?xml version="1.0" encoding="UTF-8"?>
<!DOCTYPE html PUBLIC "-//W3C//DTD XHTML 1.0 Transitional//EN"
    "http://www.w3.org/TR/xhtml1/DTD/xhtml1-transitional.dtd">
<html xmlns="http://www.w3.org/1999/xhtml" xml:lang="en" lang="en">
 <head>
  <title>
</title>
<meta http-equiv="Content-Type" content="text/html;charset=utf-8" />
  <meta name='ocr-system' content='tesseract 3.04.00' />
  <meta name='ocr-capabilities' content='ocr_page ocr_carea ocr_par ocr_line ocrx_word'/>
</head>
<body>
  <div class='ocr_page' id='page_1' title='image "./analectahymnica13drevuoft_00107.png"; bbox 0 0 1656 2491; ppageno 0'>
   <div class='ocr_carea' id='block_1_1' title="bbox 709 68 959 103">
    <p class='ocr_par' dir='ltr' id='par_1_1' title="bbox 709 68 959 103">
     <span class='ocr_line' id='line_1_1' title="bbox 709 68 959 103; baseline -0.012 -8"><span class='ocrx_word' id='word_1_1' title='bbox 709 68 959 103; x_wconf 59' lang='lat'><strong>..104—</strong></span> 
     </span>
    </p>
   </div>
   <div class='ocr_carea' id='block_1_2' title="bbox 196 163 804 711">
    <p class='ocr_par' dir='ltr' id='par_1_2' title="bbox 196 163 804 711">
     <span class='ocr_line' id='line_1_2' title="bbox 212 163 585 196; baseline -0.003 -1"><span class='ocrx_word' id='word_1_2' title='bbox 212 165 242 195; x_wconf 83' lang='lat'><strong>2.</strong></span> <span class='ocrx_word' id='word_1_3' title='bbox 265 163 411 196; x_wconf 83' lang='lat' dir='ltr'>Floribus</span> <span class='ocrx_word' id='word_1_4' title='bbox 435 167 585 195; x_wconf 83' lang='lat' dir='ltr'>astrorum</span> 
     </span>
     <span class='ocr_line' id='line_1_3' title="bbox 315 207 780 248; baseline -0.004 -8"><span class='ocrx_word' id='word_1_5' title='bbox 315 209 407 241; x_wconf 88' lang='lat' dir='ltr'>decus</span> <span class='ocrx_word' id='word_1_6' title='bbox 431 209 482 240; x_wconf 83' lang='lat' dir='ltr'>hic</span> <span class='ocrx_word' id='word_1_7' title='bbox 501 209 637 248; x_wconf 77' lang='lat' dir='ltr'>Juvenile</span> <span class='ocrx_word' id='word_1_8' title='bbox 660 207 780 247; x_wconf 84' lang='lat' dir='ltr'>polivit,</span> 
     </span>
     <span class='ocr_line' id='line_1_4' title="bbox 265 254 571 294; baseline -0.003 -8"><span class='ocrx_word' id='word_1_9' title='bbox 265 254 422 294; x_wconf 86' lang='lat' dir='ltr'>Diopolim</span> <span class='ocrx_word' id='word_1_10' title='bbox 445 263 571 294; x_wconf 83' lang='lat' dir='ltr'>quorum</span> 
     </span>
     <span class='ocr_line' id='line_1_5' title="bbox 311 299 756 338; baseline -0.004 -7"><span class='ocrx_word' id='word_1_11' title='bbox 311 299 433 331; x_wconf 89' lang='lat' dir='ltr'>fervens</span> <span class='ocrx_word' id='word_1_12' title='bbox 456 300 488 331; x_wconf 89' lang='grc'>111</span> <span class='ocrx_word' id='word_1_13' title='bbox 512 308 615 331; x_wconf 85' lang='lat' dir='ltr'>amore</span> <span class='ocrx_word' id='word_1_14' title='bbox 636 299 756 338; x_wconf 86' lang='lat' dir='ltr'>petivit.</span> 
     </span>
     <span class='ocr_line' id='line_1_6' title="bbox 202 345 804 385; baseline 0 -10"><span class='ocrx_word' id='word_1_15' title='bbox 202 345 238 379; x_wconf 92' lang='lat' dir='ltr'>V.</span> <span class='ocrx_word' id='word_1_16' title='bbox 264 345 394 385; x_wconf 70' lang='lat' dir='ltr'>Suspice</span> <span class='ocrx_word' id='word_1_17' title='bbox 425 345 540 377; x_wconf 73' lang='lat' dir='ltr'>eoelum</span> <span class='ocrx_word' id='word_1_18' title='bbox 574 347 602 376; x_wconf 72' lang='lat' dir='ltr'>et</span> <span class='ocrx_word' id='word_1_19' title='bbox 630 345 753 376; x_wconf 61' lang='lat' dir='ltr'>intuere</span> <span class='ocrx_word' id='word_1_20' title='bbox 777 347 804 376; x_wconf 67' lang='lat' dir='ltr'>et</span> 
     </span>
     <span class='ocr_line' id='line_1_7' title="bbox 311 390 674 429; baseline -0.003 -7"><span class='ocrx_word' id='word_1_21' title='bbox 311 391 517 429; x_wconf 68' lang='lat' dir='ltr'>contemplare</span> <span class='ocrx_word' id='word_1_22' title='bbox 540 390 674 421; x_wconf 75' lang='lat' dir='ltr'><strong><em>aethera.</em></strong></span> 
     </span>
     <span class='ocr_line' id='line_1_8' title="bbox 208 445 633 487; baseline -0.005 -10"><span class='ocrx_word' id='word_1_23' title='bbox 208 446 238 477; x_wconf 85' lang='grc'>3.</span> <span class='ocrx_word' id='word_1_24' title='bbox 265 445 402 484; x_wconf 72' lang='lat' dir='ltr'>Quinque</span> <span class='ocrx_word' id='word_1_25' title='bbox 425 445 505 484; x_wconf 83' lang='lat' dir='ltr'>gerit</span> <span class='ocrx_word' id='word_1_26' title='bbox 527 445 633 487; x_wconf 81' lang='lat' dir='ltr'>lustra,</span> 
     </span>
     <span class='ocr_line' id='line_1_9' title="bbox 311 490 754 529; baseline 0 -8"><span class='ocrx_word' id='word_1_27' title='bbox 311 490 382 521; x_wconf 90' lang='lat' dir='ltr'>dum</span> <span class='ocrx_word' id='word_1_28' title='bbox 405 491 453 521; x_wconf 93' lang='lat' dir='ltr'>sol</span> <span class='ocrx_word' id='word_1_29' title='bbox 475 491 571 521; x_wconf 82' lang='lat' dir='ltr'>radiis</span> <span class='ocrx_word' id='word_1_30' title='bbox 594 490 754 529; x_wconf 80' lang='lat' dir='ltr'>spoliatur.</span> 
     </span>
     <span class='ocr_line' id='line_1_10' title="bbox 262 535 630 575; baseline -0.003 -8"><span class='ocrx_word' id='word_1_31' title='bbox 262 536 375 574; x_wconf 83' lang='lat' dir='ltr'>Arguit</span> <span class='ocrx_word' id='word_1_32' title='bbox 397 536 479 567; x_wconf 89' lang='lat' dir='ltr'>haud</span> <span class='ocrx_word' id='word_1_33' title='bbox 504 535 630 575; x_wconf 84' lang='lat' dir='ltr'>frustra,</span> 
     </span>
     <span class='ocr_line' id='line_1_11' title="bbox 307 581 801 620; baseline 0.004 -8"><span class='ocrx_word' id='word_1_34' title='bbox 307 581 387 620; x_wconf 87' lang='lat' dir='ltr'>quod</span> <span class='ocrx_word' id='word_1_35' title='bbox 413 584 443 612; x_wconf 80' lang='lat' dir='ltr'>et</span> <span class='ocrx_word' id='word_1_36' title='bbox 465 581 533 620; x_wconf 87' lang='lat' dir='ltr'>ipse</span> <span class='ocrx_word' id='word_1_37' title='bbox 547 581 631 613; x_wconf 90' lang='lat' dir='ltr'>Deus</span> <span class='ocrx_word' id='word_1_38' title='bbox 654 582 801 619; x_wconf 85' lang='lat' dir='ltr'>patiatur.</span> 
     </span>
     <span class='ocr_line' id='line_1_12' title="bbox 196 625 800 659; baseline 0.003 -3"><span class='ocrx_word' id='word_1_39' title='bbox 196 626 233 659; x_wconf 89' lang='lat' dir='ltr'>V.</span> <span class='ocrx_word' id='word_1_40' title='bbox 260 625 382 659; x_wconf 71' lang='lat' dir='ltr'>Occidet</span> <span class='ocrx_word' id='word_1_41' title='bbox 398 628 445 658; x_wconf 78' lang='lat' dir='ltr'>sol</span> <span class='ocrx_word' id='word_1_42' title='bbox 459 627 590 659; x_wconf 75' lang='lat' dir='ltr'>meridie</span> <span class='ocrx_word' id='word_1_43' title='bbox 608 630 636 658; x_wconf 75' lang='lat' dir='ltr'>et</span> <span class='ocrx_word' id='word_1_44' title='bbox 649 628 800 658; x_wconf 75' lang='lat' dir='ltr'>tenebres-</span> 
     </span>
     <span class='ocr_line' id='line_1_13' title="bbox 308 672 800 711; baseline 0.004 -8"><span class='ocrx_word' id='word_1_45' title='bbox 308 681 373 704; x_wconf 78' lang='lat' dir='ltr'>cere</span> <span class='ocrx_word' id='word_1_46' title='bbox 394 672 516 711; x_wconf 68' lang='lat' dir='ltr'>faciam</span> <span class='ocrx_word' id='word_1_47' title='bbox 536 673 573 704; x_wconf 72' lang='lat'>{72</span> <span class='ocrx_word' id='word_1_48' title='bbox 594 673 644 704; x_wconf 77' lang='lat' dir='ltr'>die</span> <span class='ocrx_word' id='word_1_49' title='bbox 658 672 800 706; x_wconf 68' lang='lat' dir='ltr'>luminis.</span> 
     </span>
    </p>
   </div>
   <div class='ocr_carea' id='block_1_3' title="bbox 321 772 670 869">
    <p class='ocr_par' dir='ltr' id='par_1_3' title="bbox 321 772 670 869">
     <span class='ocr_line' id='line_1_14' title="bbox 321 772 670 805; baseline 0.006 -2"><span class='ocrx_word' id='word_1_50' title='bbox 321 773 365 804; x_wconf 89' lang='lat' dir='ltr'>In</span> <span class='ocrx_word' id='word_1_51' title='bbox 391 774 422 805; x_wconf 86' lang='lat'><strong>2.</strong></span> <span class='ocrx_word' id='word_1_52' title='bbox 448 772 670 805; x_wconf 75' lang='lat' dir='ltr'>Nocturno.</span> 
     </span>
     <span class='ocr_line' id='line_1_15' title="bbox 400 836 591 869; baseline -0.005 -7"><span class='ocrx_word' id='word_1_53' title='bbox 400 836 591 869; x_wconf 79' lang='lat' dir='ltr'>Antiphonae.</span> 
     </span>
    </p>
   </div>
   <div class='ocr_carea' id='block_1_4' title="bbox 205 890 792 1066">
    <p class='ocr_par' dir='ltr' id='par_1_4' title="bbox 205 890 792 1066">
     <span class='ocr_line' id='line_1_16' title="bbox 205 890 652 930; baseline 0 -8"><span class='ocrx_word' id='word_1_54' title='bbox 205 891 236 924; x_wconf 87' lang='lat'><strong>1.</strong></span> <span class='ocrx_word' id='word_1_55' title='bbox 262 890 363 930; x_wconf 81' lang='lat' dir='ltr'>Digne</span> <span class='ocrx_word' id='word_1_56' title='bbox 382 891 458 928; x_wconf 84' lang='lat' dir='ltr'>justi</span> <span class='ocrx_word' id='word_1_57' title='bbox 482 891 652 929; x_wconf 81' lang='lat' dir='ltr'>gloriantur</span> 
     </span>
     <span class='ocr_line' id='line_1_17' title="bbox 307 936 762 976; baseline 0 -10"><span class='ocrx_word' id='word_1_58' title='bbox 307 936 427 967; x_wconf 79' lang='lat' dir='ltr'>Nomen</span> <span class='ocrx_word' id='word_1_59' title='bbox 451 936 567 968; x_wconf 81' lang='lat' dir='ltr'>Christi</span> <span class='ocrx_word' id='word_1_60' title='bbox 591 937 762 976; x_wconf 73' lang='lat' dir='ltr'>diligentes.</span> 
     </span>
     <span class='ocr_line' id='line_1_18' title="bbox 260 982 792 1020; baseline 0 -7"><span class='ocrx_word' id='word_1_61' title='bbox 260 982 297 1013; x_wconf 88' lang='lat' dir='ltr'>In</span> <span class='ocrx_word' id='word_1_62' title='bbox 322 990 410 1020; x_wconf 87' lang='lat' dir='ltr'>quem</span> <span class='ocrx_word' id='word_1_63' title='bbox 434 985 560 1020; x_wconf 83' lang='lat' dir='ltr'>sperant</span> <span class='ocrx_word' id='word_1_64' title='bbox 583 985 615 1012; x_wconf 82' lang='lat' dir='ltr'>et</span> <span class='ocrx_word' id='word_1_65' title='bbox 636 983 792 1014; x_wconf 83' lang='lat' dir='ltr'>laetantur</span> 
     </span>
     <span class='ocr_line' id='line_1_19' title="bbox 305 1027 694 1066; baseline 0.003 -9"><span class='ocrx_word' id='word_1_66' title='bbox 305 1027 475 1058; x_wconf 79' lang='lat' dir='ltr'>Veritatem</span> <span class='ocrx_word' id='word_1_67' title='bbox 495 1027 694 1066; x_wconf 67' lang='lat' dir='ltr'>inquirentes.</span> 
     </span>
    </p>
   </div>
   <div class='ocr_carea' id='block_1_5' title="bbox 204 1082 731 1256">
    <p class='ocr_par' dir='ltr' id='par_1_5' title="bbox 204 1082 731 1256">
     <span class='ocr_line' id='line_1_20' title="bbox 204 1082 626 1113; baseline 0.002 -2"><span class='ocrx_word' id='word_1_68' title='bbox 204 1082 235 1113; x_wconf 83' lang='lat'><strong>2.</strong></span> <span class='ocrx_word' id='word_1_69' title='bbox 261 1082 420 1113; x_wconf 79' lang='lat' dir='ltr'>Inimicum</span> <span class='ocrx_word' id='word_1_70' title='bbox 447 1082 626 1113; x_wconf 81' lang='lat' dir='ltr'>destruxisti</span> 
     </span>
     <span class='ocr_line' id='line_1_21' title="bbox 305 1126 705 1166; baseline 0.01 -9"><span class='ocrx_word' id='word_1_71' title='bbox 305 1126 381 1158; x_wconf 86' lang='lat' dir='ltr'>Cum</span> <span class='ocrx_word' id='word_1_72' title='bbox 404 1127 503 1166; x_wconf 84' lang='lat' dir='ltr'>gloria</span> <span class='ocrx_word' id='word_1_73' title='bbox 527 1131 557 1158; x_wconf 86' lang='lat' dir='ltr'>et</span> <span class='ocrx_word' id='word_1_74' title='bbox 579 1127 705 1161; x_wconf 70' lang='lat' dir='ltr'>honore.</span> 
     </span>
     <span class='ocr_line' id='line_1_22' title="bbox 255 1171 667 1213; baseline -0.002 -9"><span class='ocrx_word' id='word_1_75' title='bbox 255 1172 394 1204; x_wconf 84' lang='lat' dir='ltr'>Laudem</span> <span class='ocrx_word' id='word_1_76' title='bbox 418 1173 476 1203; x_wconf 89' lang='lat' dir='ltr'>tibi</span> <span class='ocrx_word' id='word_1_77' title='bbox 499 1171 667 1213; x_wconf 81' lang='lat' dir='ltr'>perfecisti,</span> 
     </span>
     <span class='ocr_line' id='line_1_23' title="bbox 301 1217 731 1256; baseline 0.005 -8"><span class='ocrx_word' id='word_1_78' title='bbox 301 1217 396 1256; x_wconf 86' lang='lat' dir='ltr'>Deus,</span> <span class='ocrx_word' id='word_1_79' title='bbox 419 1220 589 1256; x_wconf 66' lang='lat' dir='ltr'>martyrum</span> <span class='ocrx_word' id='word_1_80' title='bbox 613 1227 731 1251; x_wconf 83' lang='lat' dir='ltr'>cruore.</span> 
     </span>
    </p>
   </div>
   <div class='ocr_carea' id='block_1_6' title="bbox 201 1271 794 1441">
    <p class='ocr_par' dir='ltr' id='par_1_6' title="bbox 201 1271 737 1403">
     <span class='ocr_line' id='line_1_24' title="bbox 201 1271 653 1304; baseline 0 0"><span class='ocrx_word' id='word_1_81' title='bbox 201 1273 231 1304; x_wconf 85' lang='lat'><strong>3.</strong></span> <span class='ocrx_word' id='word_1_82' title='bbox 258 1271 345 1303; x_wconf 87' lang='lat' dir='ltr'>Nulli</span> <span class='ocrx_word' id='word_1_83' title='bbox 368 1273 481 1303; x_wconf 87' lang='lat' dir='ltr'>malum</span> <span class='ocrx_word' id='word_1_84' title='bbox 506 1271 653 1304; x_wconf 82' lang='lat' dir='ltr'>facientes</span> 
     </span>
     <span class='ocr_line' id='line_1_25' title="bbox 302 1318 695 1359; baseline 0.003 -11"><span class='ocrx_word' id='word_1_85' title='bbox 302 1318 473 1348; x_wconf 77' lang='lat' dir='ltr'>Veritatem</span> <span class='ocrx_word' id='word_1_86' title='bbox 497 1322 568 1349; x_wconf 87' lang='lat' dir='ltr'>sunt</span> <span class='ocrx_word' id='word_1_87' title='bbox 589 1318 695 1359; x_wconf 83' lang='lat' dir='ltr'>locuti,</span> 
     </span>
     <span class='ocr_line' id='line_1_26' title="bbox 256 1362 737 1403; baseline 0.004 -10"><span class='ocrx_word' id='word_1_88' title='bbox 256 1362 377 1401; x_wconf 79' lang='lat' dir='ltr'>Lingua</span> <span class='ocrx_word' id='word_1_89' title='bbox 402 1363 505 1394; x_wconf 87' lang='lat' dir='ltr'>dolum</span> <span class='ocrx_word' id='word_1_90' title='bbox 527 1372 588 1394; x_wconf 90' lang='lat' dir='ltr'>non</span> <span class='ocrx_word' id='word_1_91' title='bbox 613 1368 737 1403; x_wconf 83' lang='lat' dir='ltr'>agentes</span> 
     </span>
    </p>

    <p class='ocr_par' dir='ltr' id='par_1_7' title="bbox 303 1407 794 1441">
     <span class='ocr_line' id='line_1_27' title="bbox 303 1407 794 1441; baseline 0 -2"><span class='ocrx_word' id='word_1_92' title='bbox 303 1407 458 1439; x_wconf 78' lang='lat' dir='ltr'>Christum</span> <span class='ocrx_word' id='word_1_93' title='bbox 473 1408 573 1440; x_wconf 87' lang='lat' dir='ltr'>Deum</span> <span class='ocrx_word' id='word_1_94' title='bbox 596 1413 669 1440; x_wconf 78' lang='lat' dir='ltr'>sunt</span> <span class='ocrx_word' id='word_1_95' title='bbox 688 1410 794 1441; x_wconf 82' lang='lat' dir='ltr'>secuti.</span> 
     </span>
    </p>
   </div>
   <div class='ocr_carea' id='block_1_7' title="bbox 393 1489 595 1524">
    <p class='ocr_par' dir='ltr' id='par_1_8' title="bbox 393 1489 595 1524">
     <span class='ocr_line' id='line_1_28' title="bbox 393 1489 595 1524; baseline -0.005 -9"><span class='ocrx_word' id='word_1_96' title='bbox 393 1489 595 1524; x_wconf 77' lang='lat' dir='ltr'>Responsoria.</span> 
     </span>
    </p>
   </div>
   <div class='ocr_carea' id='block_1_8' title="bbox 187 1542 793 2088">
    <p class='ocr_par' dir='ltr' id='par_1_9' title="bbox 187 1542 793 2088">
     <span class='ocr_line' id='line_1_29' title="bbox 202 1542 561 1582; baseline 0.003 -8"><span class='ocrx_word' id='word_1_97' title='bbox 202 1543 230 1574; x_wconf 90' lang='lat'><strong>1.</strong></span> <span class='ocrx_word' id='word_1_98' title='bbox 256 1542 414 1574; x_wconf 82' lang='lat' dir='ltr'>Mellifluis</span> <span class='ocrx_word' id='word_1_99' title='bbox 438 1546 561 1582; x_wconf 84' lang='lat' dir='ltr'>pastum</span> 
     </span>
     <span class='ocr_line' id='line_1_30' title="bbox 302 1589 657 1629; baseline 0.008 -10"><span class='ocrx_word' id='word_1_100' title='bbox 302 1589 341 1619; x_wconf 89' lang='grc'>(10</span> <span class='ocrx_word' id='word_1_101' title='bbox 364 1589 450 1620; x_wconf 81' lang='lat' dir='ltr'>venis</span> <span class='ocrx_word' id='word_1_102' title='bbox 473 1591 657 1629; x_wconf 74' lang='lat' dir='ltr'>astrologiae</span> 
     </span>
     <span class='ocr_line' id='line_1_31' title="bbox 255 1633 583 1666; baseline 0.006 -2"><span class='ocrx_word' id='word_1_103' title='bbox 255 1635 382 1665; x_wconf 80' lang='lat' dir='ltr'>Accitus</span> <span class='ocrx_word' id='word_1_104' title='bbox 406 1635 446 1665; x_wconf 81' lang='lat' dir='ltr'>ad</span> <span class='ocrx_word' id='word_1_105' title='bbox 470 1633 583 1666; x_wconf 87' lang='lat' dir='ltr'>fastum</span> 
     </span>
     <span class='ocr_line' id='line_1_32' title="bbox 298 1679 772 1720; baseline 0.008 -10"><span class='ocrx_word' id='word_1_106' title='bbox 298 1680 428 1711; x_wconf 81' lang='lat' dir='ltr'>thronus</span> <span class='ocrx_word' id='word_1_107' title='bbox 451 1679 541 1711; x_wconf 78' lang='lat' dir='ltr'>effert</span> <span class='ocrx_word' id='word_1_108' title='bbox 561 1681 772 1720; x_wconf 77' lang='lat' dir='ltr'>theosophiae.</span> 
     </span>
     <span class='ocr_line' id='line_1_33' title="bbox 189 1725 793 1769; baseline 0.008 -14"><span class='ocrx_word' id='word_1_109' title='bbox 189 1725 227 1756; x_wconf 88' lang='lat' dir='ltr'>V.</span> <span class='ocrx_word' id='word_1_110' title='bbox 254 1725 793 1769; x_wconf 64' lang='lat' dir='ltr'>Quiappropinquaozz‘pedz&#39;busejus,</span> 
     </span>
     <span class='ocr_line' id='line_1_34' title="bbox 299 1771 792 1810; baseline 0.01 -9"><span class='ocrx_word' id='word_1_111' title='bbox 299 1771 455 1810; x_wconf 72' lang='lat' dir='ltr'>accipient</span> <span class='ocrx_word' id='word_1_112' title='bbox 477 1772 513 1803; x_wconf 76' lang='lat' dir='ltr'>de</span> <span class='ocrx_word' id='word_1_113' title='bbox 537 1773 682 1805; x_wconf 63' lang='lat' dir='ltr'>doctrina</span> <span class='ocrx_word' id='word_1_114' title='bbox 695 1774 792 1806; x_wconf 70' lang='lat' dir='ltr'>iliius.</span> 
     </span>
     <span class='ocr_line' id='line_1_35' title="bbox 196 1826 608 1865; baseline 0.002 -8"><span class='ocrx_word' id='word_1_115' title='bbox 196 1826 226 1857; x_wconf 83' lang='lat'><strong>2.</strong></span> <span class='ocrx_word' id='word_1_116' title='bbox 252 1826 314 1857; x_wconf 87' lang='lat' dir='ltr'>Vas</span> <span class='ocrx_word' id='word_1_117' title='bbox 338 1826 463 1857; x_wconf 90' lang='lat' dir='ltr'>Domini</span> <span class='ocrx_word' id='word_1_118' title='bbox 486 1830 608 1865; x_wconf 89' lang='lat' dir='ltr'>gratum</span> 
     </span>
     <span class='ocr_line' id='line_1_36' title="bbox 295 1872 723 1914; baseline 0.007 -12"><span class='ocrx_word' id='word_1_119' title='bbox 295 1872 403 1903; x_wconf 84' lang='lat' dir='ltr'>titulos</span> <span class='ocrx_word' id='word_1_120' title='bbox 427 1873 511 1904; x_wconf 89' lang='lat' dir='ltr'>orbis</span> <span class='ocrx_word' id='word_1_121' title='bbox 534 1875 723 1914; x_wconf 75' lang='lat' dir='ltr'>speculatur,</span> 
     </span>
     <span class='ocr_line' id='line_1_37' title="bbox 252 1917 521 1956; baseline 0.007 -9"><span class='ocrx_word' id='word_1_122' title='bbox 252 1917 393 1956; x_wconf 87' lang='lat' dir='ltr'>Ignotum</span> <span class='ocrx_word' id='word_1_123' title='bbox 416 1921 521 1949; x_wconf 86' lang='lat' dir='ltr'>natum</span> 
     </span>
     <span class='ocr_line' id='line_1_38' title="bbox 294 1963 791 2002; baseline 0.01 -10"><span class='ocrx_word' id='word_1_124' title='bbox 294 1971 480 2002; x_wconf 78' lang='lat' dir='ltr'>passumque</span> <span class='ocrx_word' id='word_1_125' title='bbox 486 1963 586 1995; x_wconf 85' lang='lat' dir='ltr'>Deum</span> <span class='ocrx_word' id='word_1_126' title='bbox 595 1973 687 1996; x_wconf 85' lang='lat' dir='ltr'>cruee</span> <span class='ocrx_word' id='word_1_127' title='bbox 697 1964 791 1997; x_wconf 82' lang='lat' dir='ltr'>fatur.</span> 
     </span>
     <span class='ocr_line' id='line_1_39' title="bbox 187 2007 791 2047; baseline 0.007 -10"><span class='ocrx_word' id='word_1_128' title='bbox 187 2007 223 2037; x_wconf 91' lang='lat' dir='ltr'>V.</span> <span class='ocrx_word' id='word_1_129' title='bbox 248 2008 292 2038; x_wconf 75' lang='grc' dir='ltr'>Ζῑη</span> <span class='ocrx_word' id='word_1_130' title='bbox 313 2008 381 2047; x_wconf 66' lang='lat' dir='ltr'>ipso</span> <span class='ocrx_word' id='word_1_131' title='bbox 400 2009 482 2039; x_wconf 78' lang='lat' dir='ltr'>enim</span> <span class='ocrx_word' id='word_1_132' title='bbox 500 2010 632 2042; x_wconf 73' lang='lat' dir='ltr'>vivimus</span> <span class='ocrx_word' id='word_1_133' title='bbox 649 2014 677 2043; x_wconf 73' lang='lat' dir='ltr'>et</span> <span class='ocrx_word' id='word_1_134' title='bbox 690 2021 791 2044; x_wconf 79' lang='lat' dir='ltr'>move-</span> 
     </span>
     <span class='ocr_line' id='line_1_40' title="bbox 296 2057 563 2088; baseline 0.011 -4"><span class='ocrx_word' id='word_1_135' title='bbox 296 2063 369 2085; x_wconf 72' lang='lat' dir='ltr'>mur</span> <span class='ocrx_word' id='word_1_136' title='bbox 393 2057 422 2085; x_wconf 74' lang='lat' dir='ltr'>et</span> <span class='ocrx_word' id='word_1_137' title='bbox 443 2064 563 2088; x_wconf 77' lang='lat' dir='ltr'>sumus.</span> 
     </span>
    </p>
   </div>
   <div class='ocr_carea' id='block_1_9' title="bbox 196 2109 721 2287">
    <p class='ocr_par' dir='ltr' id='par_1_10' title="bbox 196 2109 721 2287">
     <span class='ocr_line' id='line_1_41' title="bbox 196 2109 537 2141; baseline 0 0"><span class='ocrx_word' id='word_1_138' title='bbox 196 2109 226 2141; x_wconf 82' lang='lat'><strong>3.</strong></span> <span class='ocrx_word' id='word_1_139' title='bbox 250 2109 327 2140; x_wconf 81' lang='lat' dir='ltr'>Mox</span> <span class='ocrx_word' id='word_1_140' title='bbox 351 2109 435 2140; x_wconf 87' lang='lat' dir='ltr'>orbis</span> <span class='ocrx_word' id='word_1_141' title='bbox 458 2110 537 2141; x_wconf 88' lang='lat' dir='ltr'>lucis</span> 
     </span>
     <span class='ocr_line' id='line_1_42' title="bbox 298 2154 721 2198; baseline 0.009 -13"><span class='ocrx_word' id='word_1_142' title='bbox 298 2154 369 2185; x_wconf 85' lang='lat' dir='ltr'>dum</span> <span class='ocrx_word' id='word_1_143' title='bbox 391 2155 508 2187; x_wconf 78' lang='lat' dir='ltr'>lumine</span> <span class='ocrx_word' id='word_1_144' title='bbox 529 2156 721 2198; x_wconf 85' lang='lat' dir='ltr'>mirificatur,</span> 
     </span>
     <span class='ocr_line' id='line_1_43' title="bbox 247 2199 624 2241; baseline 0.008 -10"><span class='ocrx_word' id='word_1_145' title='bbox 247 2200 356 2232; x_wconf 85' lang='lat' dir='ltr'>Mente</span> <span class='ocrx_word' id='word_1_146' title='bbox 379 2199 502 2241; x_wconf 84' lang='lat' dir='ltr'>fideque</span> <span class='ocrx_word' id='word_1_147' title='bbox 526 2204 624 2234; x_wconf 86' lang='lat' dir='ltr'>crucis</span> 
     </span>
     <span class='ocr_line' id='line_1_44' title="bbox 294 2246 664 2287; baseline 0.008 -9"><span class='ocrx_word' id='word_1_148' title='bbox 294 2246 462 2287; x_wconf 69' lang='lat' dir='ltr'>Dionysius</span> <span class='ocrx_word' id='word_1_149' title='bbox 485 2248 664 2281; x_wconf 76' lang='lat' dir='ltr'>irradiatur.</span> 
     </span>
    </p>
   </div>
   <div class='ocr_carea' id='block_1_10' title="bbox 848 1783 1034 1816">
    <p class='ocr_par' dir='ltr' id='par_1_11' title="bbox 848 1783 1034 1816">
     <span class='ocr_line' id='line_1_45' title="bbox 848 1783 1034 1816; baseline 0.016 -3"><span class='ocrx_word' id='word_1_150' title='bbox 848 1783 886 1814; x_wconf 78' lang='lat' dir='ltr'><strong>V.</strong></span> <span class='ocrx_word' id='word_1_151' title='bbox 911 1783 1034 1816; x_wconf 67' lang='lat' dir='ltr'>Nomew</span> 
     </span>
    </p>
   </div>
   <div class='ocr_carea' id='block_1_11' title="bbox 860 160 1474 239">
    <p class='ocr_par' dir='ltr' id='par_1_12' title="bbox 860 160 1474 239">
     <span class='ocr_line' id='line_1_46' title="bbox 860 160 1474 194; baseline -0.002 -2"><span class='ocrx_word' id='word_1_152' title='bbox 860 161 897 194; x_wconf 81' lang='lat' dir='ltr'><strong>V.</strong></span> <span class='ocrx_word' id='word_1_153' title='bbox 922 161 1025 193; x_wconf 75' lang='lat' dir='ltr'>Dulce</span> <span class='ocrx_word' id='word_1_154' title='bbox 1047 160 1151 191; x_wconf 78' lang='lat' dir='ltr'>lumen</span> <span class='ocrx_word' id='word_1_155' title='bbox 1177 163 1205 192; x_wconf 72' lang='lat' dir='ltr'>et</span> <span class='ocrx_word' id='word_1_156' title='bbox 1228 160 1405 192; x_wconf 75' lang='lat' dir='ltr'>delectabile</span> <span class='ocrx_word' id='word_1_157' title='bbox 1428 164 1474 191; x_wconf 75' lang='lat' dir='ltr'>est</span> 
     </span>
     <span class='ocr_line' id='line_1_47' title="bbox 973 205 1327 239; baseline -0.003 0"><span class='ocrx_word' id='word_1_158' title='bbox 973 206 1071 239; x_wconf 79' lang='lat' dir='ltr'>oculis</span> <span class='ocrx_word' id='word_1_159' title='bbox 1094 206 1198 238; x_wconf 79' lang='lat' dir='ltr'>videre</span> <span class='ocrx_word' id='word_1_160' title='bbox 1220 205 1327 238; x_wconf 77' lang='lat' dir='ltr'>solem.</span> 
     </span>
    </p>
   </div>
   <div class='ocr_carea' id='block_1_12' title="bbox 989 316 1340 414">
    <p class='ocr_par' dir='ltr' id='par_1_13' title="bbox 989 316 1340 414">
     <span class='ocr_line' id='line_1_48' title="bbox 989 316 1340 349; baseline -0.003 0"><span class='ocrx_word' id='word_1_161' title='bbox 989 318 1035 349; x_wconf 87' lang='lat' dir='ltr'>In</span> <span class='ocrx_word' id='word_1_162' title='bbox 1059 318 1089 349; x_wconf 89' lang='lat'>3.</span> <span class='ocrx_word' id='word_1_163' title='bbox 1116 316 1340 349; x_wconf 79' lang='lat' dir='ltr'>Nocturno.</span> 
     </span>
     <span class='ocr_line' id='line_1_49' title="bbox 1067 379 1258 414; baseline -0.005 -7"><span class='ocrx_word' id='word_1_164' title='bbox 1067 379 1258 414; x_wconf 82' lang='lat' dir='ltr'>Antiphonae.</span> 
     </span>
    </p>
   </div>
   <div class='ocr_carea' id='block_1_13' title="bbox 867 435 1436 604">
    <p class='ocr_par' dir='ltr' id='par_1_14' title="bbox 867 435 1436 604">
     <span class='ocr_line' id='line_1_50' title="bbox 867 435 1345 467; baseline -0.002 0"><span class='ocrx_word' id='word_1_165' title='bbox 867 436 897 467; x_wconf 88' lang='lat'><strong>1.</strong></span> <span class='ocrx_word' id='word_1_166' title='bbox 922 435 959 467; x_wconf 84' lang='grc'>111</span> <span class='ocrx_word' id='word_1_167' title='bbox 982 436 1029 466; x_wconf 84' lang='grc'><strong>1115</strong></span> <span class='ocrx_word' id='word_1_168' title='bbox 1054 437 1196 467; x_wconf 85' lang='lat' dir='ltr'>voluntas</span> <span class='ocrx_word' id='word_1_169' title='bbox 1220 435 1345 467; x_wconf 87' lang='lat' dir='ltr'>Domini</span> 
     </span>
     <span class='ocr_line' id='line_1_51' title="bbox 968 480 1226 519; baseline 0 -7"><span class='ocrx_word' id='word_1_170' title='bbox 968 481 1030 512; x_wconf 83' lang='lat' dir='ltr'>Est</span> <span class='ocrx_word' id='word_1_171' title='bbox 1052 480 1226 519; x_wconf 81' lang='lat' dir='ltr'>mirificata,</span> 
     </span>
     <span class='ocr_line' id='line_1_52' title="bbox 923 525 1341 566; baseline 0 -10"><span class='ocrx_word' id='word_1_172' title='bbox 923 525 988 563; x_wconf 86' lang='lat' dir='ltr'>Quo</span> <span class='ocrx_word' id='word_1_173' title='bbox 1011 535 1085 566; x_wconf 85' lang='lat' dir='ltr'>pars</span> <span class='ocrx_word' id='word_1_174' title='bbox 1111 529 1142 556; x_wconf 84' lang='lat' dir='ltr'>et</span> <span class='ocrx_word' id='word_1_175' title='bbox 1164 527 1341 558; x_wconf 74' lang='lat' dir='ltr'>haereditas</span> 
     </span>
     <span class='ocr_line' id='line_1_53' title="bbox 968 571 1436 604; baseline 0 -1"><span class='ocrx_word' id='word_1_176' title='bbox 968 571 1151 604; x_wconf 83' lang='lat' dir='ltr'>Sanctorum</span> <span class='ocrx_word' id='word_1_177' title='bbox 1173 574 1219 603; x_wconf 89' lang='lat' dir='ltr'>est</span> <span class='ocrx_word' id='word_1_178' title='bbox 1244 575 1436 604; x_wconf 83' lang='lat' dir='ltr'>conservata.</span> 
     </span>
    </p>
   </div>
   <div class='ocr_carea' id='block_1_14' title="bbox 864 626 1427 802">
    <p class='ocr_par' dir='ltr' id='par_1_15' title="bbox 864 626 1427 802">
     <span class='ocr_line' id='line_1_54' title="bbox 864 626 1275 666; baseline 0 -9"><span class='ocrx_word' id='word_1_179' title='bbox 864 628 894 657; x_wconf 84' lang='lat'><strong>2.</strong></span> <span class='ocrx_word' id='word_1_180' title='bbox 920 626 964 658; x_wconf 90' lang='lat' dir='ltr'>Hi</span> <span class='ocrx_word' id='word_1_181' title='bbox 986 636 1045 666; x_wconf 88' lang='lat' dir='ltr'>per</span> <span class='ocrx_word' id='word_1_182' title='bbox 1067 627 1275 658; x_wconf 82' lang='lat' dir='ltr'>innocentiam</span> 
     </span>
     <span class='ocr_line' id='line_1_55' title="bbox 967 672 1427 715; baseline 0 -12"><span class='ocrx_word' id='word_1_183' title='bbox 967 672 1027 704; x_wconf 86' lang='lat' dir='ltr'>Dei</span> <span class='ocrx_word' id='word_1_184' title='bbox 1050 675 1185 705; x_wconf 90' lang='lat' dir='ltr'>montem</span> <span class='ocrx_word' id='word_1_185' title='bbox 1209 674 1427 715; x_wconf 78' lang='lat' dir='ltr'>ascenderunt,</span> 
     </span>
     <span class='ocr_line' id='line_1_56' title="bbox 919 718 1303 757; baseline 0.003 -8"><span class='ocrx_word' id='word_1_186' title='bbox 919 718 949 749; x_wconf 87' lang='lat' dir='ltr'>A</span> <span class='ocrx_word' id='word_1_187' title='bbox 974 727 1032 757; x_wconf 88' lang='lat' dir='ltr'>quo</span> <span class='ocrx_word' id='word_1_188' title='bbox 1057 719 1303 750; x_wconf 85' lang='lat' dir='ltr'>misericordiam</span> 
     </span>
     <span class='ocr_line' id='line_1_57' title="bbox 966 763 1361 802; baseline 0.003 -7"><span class='ocrx_word' id='word_1_189' title='bbox 966 763 1139 795; x_wconf 87' lang='lat' dir='ltr'>Salutarem</span> <span class='ocrx_word' id='word_1_190' title='bbox 1163 767 1361 802; x_wconf 83' lang='lat' dir='ltr'>acceperunt.</span> 
     </span>
    </p>
   </div>
   <div class='ocr_carea' id='block_1_15' title="bbox 862 817 1461 1223">
    <p class='ocr_par' dir='ltr' id='par_1_16' title="bbox 862 817 1219 857">
     <span class='ocr_line' id='line_1_58' title="bbox 862 817 1219 857; baseline 0 -7"><span class='ocrx_word' id='word_1_191' title='bbox 862 819 893 850; x_wconf 84' lang='lat'><strong>3.</strong></span> <span class='ocrx_word' id='word_1_192' title='bbox 922 817 946 850; x_wconf 94' lang='grc' dir='ltr'>Ο</span> <span class='ocrx_word' id='word_1_193' title='bbox 970 817 1082 849; x_wconf 88' lang='lat' dir='ltr'>florens</span> <span class='ocrx_word' id='word_1_194' title='bbox 1105 819 1219 857; x_wconf 84' lang='lat' dir='ltr'>palma,</span> 
     </span>
    </p>

    <p class='ocr_par' dir='ltr' id='par_1_17' title="bbox 921 864 1373 941">
     <span class='ocr_line' id='line_1_59' title="bbox 964 864 1373 904; baseline 0.005 -10"><span class='ocrx_word' id='word_1_195' title='bbox 964 864 1073 895; x_wconf 89' lang='lat' dir='ltr'>summi</span> <span class='ocrx_word' id='word_1_196' title='bbox 1099 865 1219 895; x_wconf 87' lang='lat' dir='ltr'>decoris</span> <span class='ocrx_word' id='word_1_197' title='bbox 1243 864 1373 904; x_wconf 83' lang='lat' dir='ltr'>agalma.</span> 
     </span>
     <span class='ocr_line' id='line_1_60' title="bbox 921 908 1228 941; baseline -0.003 0"><span class='ocrx_word' id='word_1_198' title='bbox 921 908 1030 941; x_wconf 82' lang='lat' dir='ltr'>Gloria</span> <span class='ocrx_word' id='word_1_199' title='bbox 1052 912 1228 941; x_wconf 88' lang='lat' dir='ltr'>sanctorum</span> 
     </span>
    </p>

    <p class='ocr_par' dir='ltr' id='par_1_18' title="bbox 918 956 1422 1032">
     <span class='ocr_line' id='line_1_61' title="bbox 964 956 1422 997; baseline 0.004 -12"><span class='ocrx_word' id='word_1_200' title='bbox 964 963 1142 994; x_wconf 86' lang='lat' dir='ltr'>mercesque</span> <span class='ocrx_word' id='word_1_201' title='bbox 1164 956 1281 987; x_wconf 87' lang='lat' dir='ltr'>laboris</span> <span class='ocrx_word' id='word_1_202' title='bbox 1307 964 1422 997; x_wconf 85' lang='lat' dir='ltr'>eorum,</span> 
     </span>
     <span class='ocr_line' id='line_1_62' title="bbox 918 1000 1210 1032; baseline 0.003 -1"><span class='ocrx_word' id='word_1_203' title='bbox 918 1000 969 1031; x_wconf 78' lang='lat' dir='ltr'>Ex</span> <span class='ocrx_word' id='word_1_204' title='bbox 992 1000 1094 1031; x_wconf 84' lang='lat' dir='ltr'>rubris</span> <span class='ocrx_word' id='word_1_205' title='bbox 1118 1001 1210 1032; x_wconf 86' lang='lat' dir='ltr'>undis</span> 
     </span>
    </p>

    <p class='ocr_par' dir='ltr' id='par_1_19' title="bbox 963 1046 1461 1088">
     <span class='ocr_line' id='line_1_63' title="bbox 963 1046 1461 1088; baseline 0.006 -12"><span class='ocrx_word' id='word_1_206' title='bbox 963 1046 1057 1077; x_wconf 84' lang='lat' dir='ltr'>maris</span> <span class='ocrx_word' id='word_1_207' title='bbox 1089 1047 1188 1086; x_wconf 85' lang='lat' dir='ltr'>hujus,</span> <span class='ocrx_word' id='word_1_208' title='bbox 1223 1046 1355 1087; x_wconf 86' lang='lat' dir='ltr'>Christe,</span> <span class='ocrx_word' id='word_1_209' title='bbox 1388 1058 1461 1088; x_wconf 81' lang='lat' dir='ltr'>pro-</span> 
     </span>
    </p>

    <p class='ocr_par' dir='ltr' id='par_1_20' title="bbox 1237 1091 1343 1124">
     <span class='ocr_line' id='line_1_64' title="bbox 1237 1091 1343 1124; baseline 0.019 -2"><span class='ocrx_word' id='word_1_210' title='bbox 1237 1091 1343 1124; x_wconf 85' lang='lat' dir='ltr'>fundis</span> 
     </span>
    </p>

    <p class='ocr_par' dir='ltr' id='par_1_21' title="bbox 918 1136 1219 1170">
     <span class='ocr_line' id='line_1_65' title="bbox 918 1136 1219 1170; baseline 0.007 -3"><span class='ocrx_word' id='word_1_211' title='bbox 918 1136 970 1167; x_wconf 88' lang='lat' dir='ltr'>Ad</span> <span class='ocrx_word' id='word_1_212' title='bbox 995 1140 1025 1168; x_wconf 90' lang='lat' dir='ltr'>te</span> <span class='ocrx_word' id='word_1_213' title='bbox 1048 1137 1219 1170; x_wconf 74' lang='lat' dir='ltr'>translatis,</span> 
     </span>
    </p>

    <p class='ocr_par' dir='ltr' id='par_1_22' title="bbox 962 1183 1436 1223">
     <span class='ocr_line' id='line_1_66' title="bbox 962 1183 1436 1223; baseline 0.008 -11"><span class='ocrx_word' id='word_1_214' title='bbox 962 1183 1014 1220; x_wconf 86' lang='lat' dir='ltr'>pie</span> <span class='ocrx_word' id='word_1_215' title='bbox 1037 1191 1102 1221; x_wconf 83' lang='lat' dir='ltr'>rex,</span> <span class='ocrx_word' id='word_1_216' title='bbox 1127 1192 1183 1213; x_wconf 88' lang='lat' dir='ltr'>nos</span> <span class='ocrx_word' id='word_1_217' title='bbox 1205 1185 1301 1223; x_wconf 81' lang='lat' dir='ltr'>J&#39;unge</span> <span class='ocrx_word' id='word_1_218' title='bbox 1325 1184 1436 1217; x_wconf 81' lang='lat' dir='ltr'>beatis,</span> 
     </span>
    </p>
   </div>
   <div class='ocr_carea' id='block_1_16' title="bbox 1054 1264 1255 1299">
    <p class='ocr_par' dir='ltr' id='par_1_23' title="bbox 1054 1264 1255 1299">
     <span class='ocr_line' id='line_1_67' title="bbox 1054 1264 1255 1299; baseline 0.005 -9"><span class='ocrx_word' id='word_1_219' title='bbox 1054 1264 1255 1299; x_wconf 83' lang='lat' dir='ltr'>Responsoria.</span> 
     </span>
    </p>
   </div>
   <div class='ocr_carea' id='block_1_17' title="bbox 862 1318 1438 1498">
    <p class='ocr_par' dir='ltr' id='par_1_24' title="bbox 862 1318 1438 1498">
     <span class='ocr_line' id='line_1_68' title="bbox 862 1318 1293 1358; baseline 0.007 -9"><span class='ocrx_word' id='word_1_220' title='bbox 862 1319 892 1350; x_wconf 83' lang='lat'><strong>1.</strong></span> <span class='ocrx_word' id='word_1_221' title='bbox 918 1318 999 1349; x_wconf 90' lang='lat' dir='ltr'>Dum</span> <span class='ocrx_word' id='word_1_222' title='bbox 1023 1327 1082 1358; x_wconf 87' lang='lat' dir='ltr'>per</span> <span class='ocrx_word' id='word_1_223' title='bbox 1106 1319 1293 1352; x_wconf 79' lang='lat' dir='ltr'>Clementem</span> 
     </span>
     <span class='ocr_line' id='line_1_69' title="bbox 961 1365 1438 1407; baseline 0.015 -13"><span class='ocrx_word' id='word_1_224' title='bbox 961 1365 1078 1402; x_wconf 85' lang='lat' dir='ltr'>primas</span> <span class='ocrx_word' id='word_1_225' title='bbox 1104 1365 1201 1397; x_wconf 86' lang='lat' dir='ltr'>Gallis</span> <span class='ocrx_word' id='word_1_226' title='bbox 1227 1368 1438 1407; x_wconf 78' lang='lat' dir='ltr'>cathedratm·,</span> 
     </span>
     <span class='ocr_line' id='line_1_70' title="bbox 917 1409 1242 1449; baseline 0.006 -9"><span class='ocrx_word' id='word_1_227' title='bbox 917 1409 1043 1449; x_wconf 72' lang='lat' dir='ltr'>spargit</span> <span class='ocrx_word' id='word_1_228' title='bbox 1065 1414 1242 1449; x_wconf 84' lang='lat' dir='ltr'>sementem,</span> 
     </span>
     <span class='ocr_line' id='line_1_71' title="bbox 962 1456 1433 1498; baseline 0.015 -13"><span class='ocrx_word' id='word_1_229' title='bbox 962 1464 1022 1494; x_wconf 84' lang='lat' dir='ltr'>qua</span> <span class='ocrx_word' id='word_1_230' title='bbox 1044 1456 1152 1487; x_wconf 89' lang='lat' dir='ltr'>messis</span> <span class='ocrx_word' id='word_1_231' title='bbox 1175 1458 1273 1489; x_wconf 88' lang='lat' dir='ltr'>multa</span> <span class='ocrx_word' id='word_1_232' title='bbox 1294 1464 1433 1498; x_wconf 86' lang='lat' dir='ltr'>paratur.</span> 
     </span>
    </p>
   </div>
   <div class='ocr_carea' id='block_1_18' title="bbox 850 1500 1460 1543">
    <p class='ocr_par' dir='ltr' id='par_1_25' title="bbox 850 1500 1460 1543">
     <span class='ocr_line' id='line_1_72' title="bbox 850 1500 1460 1543; baseline 0.01 -12"><span class='ocrx_word' id='word_1_233' title='bbox 850 1500 889 1532; x_wconf 88' lang='lat' dir='ltr'>V.</span> <span class='ocrx_word' id='word_1_234' title='bbox 917 1500 1024 1532; x_wconf 71' lang='lat' dir='ltr'>Videte</span> <span class='ocrx_word' id='word_1_235' title='bbox 1059 1502 1216 1542; x_wconf 73' lang='lat' dir='ltr'>reyiones,</span> <span class='ocrx_word' id='word_1_236' title='bbox 1258 1506 1335 1543; x_wconf 70' lang='lat' dir='ltr'>Quia</span> <span class='ocrx_word' id='word_1_237' title='bbox 1370 1507 1460 1539; x_wconf 68' lang='lat' dir='ltr'>albae</span> 
     </span>
    </p>
   </div>
   <div class='ocr_carea' id='block_1_19' title="bbox 960 1547 1351 1585">
    <p class='ocr_par' dir='ltr' id='par_1_26' title="bbox 960 1547 1351 1585">
     <span class='ocr_line' id='line_1_73' title="bbox 960 1547 1351 1585; baseline 0.013 -8"><span class='ocrx_word' id='word_1_238' title='bbox 960 1550 1035 1578; x_wconf 71' lang='lat' dir='ltr'>sum</span> <span class='ocrx_word' id='word_1_239' title='bbox 1052 1547 1126 1585; x_wconf 81' lang='lat' dir='ltr'>jam</span> <span class='ocrx_word' id='word_1_240' title='bbox 1150 1556 1189 1578; x_wconf 85' lang='grc' dir='ltr'>αν</span> <span class='ocrx_word' id='word_1_241' title='bbox 1210 1558 1351 1582; x_wconf 78' lang='lat' dir='ltr'>messem.</span> 
     </span>
    </p>
   </div>
   <div class='ocr_carea' id='block_1_20' title="bbox 858 1600 1460 2018">
    <p class='ocr_par' dir='ltr' id='par_1_27' title="bbox 858 1600 1460 2018">
     <span class='ocr_line' id='line_1_74' title="bbox 858 1600 1210 1643; baseline 0.009 -12"><span class='ocrx_word' id='word_1_242' title='bbox 858 1602 889 1631; x_wconf 88' lang='lat'><strong>2.</strong></span> <span class='ocrx_word' id='word_1_243' title='bbox 917 1602 940 1633; x_wconf 94' lang='grc' dir='ltr'>Ο</span> <span class='ocrx_word' id='word_1_244' title='bbox 964 1600 1084 1641; x_wconf 79' lang='lat' dir='ltr'>fulgens</span> <span class='ocrx_word' id='word_1_245' title='bbox 1109 1603 1210 1643; x_wconf 86' lang='lat' dir='ltr'>stella,</span> 
     </span>
     <span class='ocr_line' id='line_1_75' title="bbox 959 1646 1328 1691; baseline 0.016 -14"><span class='ocrx_word' id='word_1_246' title='bbox 959 1646 1034 1678; x_wconf 89' lang='lat' dir='ltr'>fidei</span> <span class='ocrx_word' id='word_1_247' title='bbox 1058 1646 1206 1680; x_wconf 86' lang='lat' dir='ltr'>fidissime</span> <span class='ocrx_word' id='word_1_248' title='bbox 1229 1652 1328 1691; x_wconf 86' lang='lat' dir='ltr'>testis,</span> 
     </span>
     <span class='ocr_line' id='line_1_76' title="bbox 913 1692 1246 1737; baseline 0.012 -14"><span class='ocrx_word' id='word_1_249' title='bbox 913 1693 1000 1724; x_wconf 84' lang='lat' dir='ltr'>Vena</span> <span class='ocrx_word' id='word_1_250' title='bbox 1023 1692 1120 1725; x_wconf 82' lang='lat' dir='ltr'>fluens</span> <span class='ocrx_word' id='word_1_251' title='bbox 1143 1696 1246 1737; x_wconf 83' lang='lat' dir='ltr'>mella,</span> 
     </span>
     <span class='ocr_line' id='line_1_77' title="bbox 960 1738 1397 1776; baseline 0.014 -7"><span class='ocrx_word' id='word_1_252' title='bbox 960 1738 1067 1770; x_wconf 86' lang='lat' dir='ltr'>confer</span> <span class='ocrx_word' id='word_1_253' title='bbox 1089 1741 1239 1773; x_wconf 84' lang='lat' dir='ltr'>solamina</span> <span class='ocrx_word' id='word_1_254' title='bbox 1262 1745 1397 1776; x_wconf 90' lang='lat' dir='ltr'>maestis.</span> 
     </span>
     <span class='ocr_line' id='line_1_78' title="bbox 1080 1788 1460 1824; baseline 0.018 -8"><span class='ocrx_word' id='word_1_255' title='bbox 1080 1788 1170 1817; x_wconf 75' lang='lat' dir='ltr'>tuum</span> <span class='ocrx_word' id='word_1_256' title='bbox 1211 1791 1238 1819; x_wconf 75' lang='lat' dir='ltr'>et</span> <span class='ocrx_word' id='word_1_257' title='bbox 1276 1791 1460 1824; x_wconf 72' lang='lat' dir='ltr'>memoriale</span> 
     </span>
     <span class='ocr_line' id='line_1_79' title="bbox 958 1831 1456 1870; baseline 0.016 -9"><span class='ocrx_word' id='word_1_258' title='bbox 958 1833 1049 1862; x_wconf 75' lang='lat' dir='ltr'>tuum</span> <span class='ocrx_word' id='word_1_259' title='bbox 1081 1831 1115 1862; x_wconf 78' lang='lat' dir='ltr'>in</span> <span class='ocrx_word' id='word_1_260' title='bbox 1138 1832 1291 1866; x_wconf 74' lang='lat' dir='ltr'>desiderio</span> <span class='ocrx_word' id='word_1_261' title='bbox 1318 1837 1456 1870; x_wconf 69' lang='lat' dir='ltr'>ammae.</span> 
     </span>
     <span class='ocr_line' id='line_1_80' title="bbox 858 1885 1205 1918; baseline 0.009 -3"><span class='ocrx_word' id='word_1_262' title='bbox 858 1885 888 1917; x_wconf 82' lang='lat'><strong>3.</strong></span> <span class='ocrx_word' id='word_1_263' title='bbox 913 1885 1006 1916; x_wconf 85' lang='lat' dir='ltr'>Alme</span> <span class='ocrx_word' id='word_1_264' title='bbox 1028 1889 1205 1918; x_wconf 85' lang='lat' dir='ltr'>sanctarum</span> 
     </span>
     <span class='ocr_line' id='line_1_81' title="bbox 959 1929 1356 1975; baseline 0.018 -14"><span class='ocrx_word' id='word_1_265' title='bbox 959 1929 1028 1962; x_wconf 83' lang='lat' dir='ltr'>fons</span> <span class='ocrx_word' id='word_1_266' title='bbox 1052 1932 1140 1963; x_wconf 89' lang='lat' dir='ltr'>vivus</span> <span class='ocrx_word' id='word_1_267' title='bbox 1166 1934 1356 1975; x_wconf 84' lang='lat' dir='ltr'>deliciarum,</span> 
     </span>
     <span class='ocr_line' id='line_1_82' title="bbox 917 1977 1297 2018; baseline 0.013 -10"><span class='ocrx_word' id='word_1_268' title='bbox 917 1977 965 2008; x_wconf 77' lang='lat' dir='ltr'>Ad</span> <span class='ocrx_word' id='word_1_269' title='bbox 991 1979 1110 2008; x_wconf 84' lang='lat' dir='ltr'>coetum</span> <span class='ocrx_word' id='word_1_270' title='bbox 1133 1987 1297 2018; x_wconf 84' lang='lat' dir='ltr'>procerum</span> 
     </span>
    </p>
   </div>
   <div class='ocr_carea' id='block_1_21' title="bbox 912 2024 1407 2154">
    <p class='ocr_par' dir='ltr' id='par_1_28' title="bbox 912 2024 1407 2154">
     <span class='ocr_line' id='line_1_83' title="bbox 957 2024 1407 2066; baseline 0.02 -14"><span class='ocrx_word' id='word_1_271' title='bbox 957 2024 1076 2061; x_wconf 83' lang='lat' dir='ltr'>perduc</span> <span class='ocrx_word' id='word_1_272' title='bbox 1097 2033 1153 2055; x_wconf 90' lang='lat' dir='ltr'>nos</span> <span class='ocrx_word' id='word_1_273' title='bbox 1179 2027 1407 2066; x_wconf 82' lang='lat' dir='ltr'>coeligenarum</span> 
     </span>
     <span class='ocr_line' id='line_1_84' title="bbox 912 2069 1182 2101; baseline 0.007 -2"><span class='ocrx_word' id='word_1_274' title='bbox 912 2069 956 2100; x_wconf 80' lang='lat' dir='ltr'>Et</span> <span class='ocrx_word' id='word_1_275' title='bbox 980 2069 1021 2100; x_wconf 82' lang='lat' dir='ltr'>da</span> <span class='ocrx_word' id='word_1_276' title='bbox 1042 2069 1112 2101; x_wconf 84' lang='lat' dir='ltr'>luce</span> <span class='ocrx_word' id='word_1_277' title='bbox 1135 2071 1182 2101; x_wconf 82' lang='lat' dir='ltr'>tui</span> 
     </span>
     <span class='ocr_line' id='line_1_85' title="bbox 958 2115 1365 2154; baseline 0.025 -10"><span class='ocrx_word' id='word_1_278' title='bbox 958 2115 1061 2146; x_wconf 89' lang='lat' dir='ltr'>vultus</span> <span class='ocrx_word' id='word_1_279' title='bbox 1085 2116 1118 2147; x_wconf 90' lang='lat' dir='ltr'>in</span> <span class='ocrx_word' id='word_1_280' title='bbox 1142 2118 1269 2153; x_wconf 79' lang='lat' dir='ltr'>aethere</span> <span class='ocrx_word' id='word_1_281' title='bbox 1292 2119 1365 2154; x_wconf 82' lang='lat' dir='ltr'>frui.</span> 
     </span>
    </p>
   </div>
   <div class='ocr_carea' id='block_1_22' title="bbox 847 2159 1456 2209">
    <p class='ocr_par' dir='ltr' id='par_1_29' title="bbox 847 2159 1456 2209">
     <span class='ocr_line' id='line_1_86' title="bbox 847 2159 1456 2209; baseline 0.018 -19"><span class='ocrx_word' id='word_1_282' title='bbox 847 2159 885 2193; x_wconf 83' lang='lat' dir='ltr'><strong>V.</strong></span> <span class='ocrx_word' id='word_1_283' title='bbox 912 2160 1071 2201; x_wconf 67' lang='lat' dir='ltr'>Quoniam</span> <span class='ocrx_word' id='word_1_284' title='bbox 1082 2163 1171 2201; x_wconf 73' lang='lat' dir='ltr'>apud</span> <span class='ocrx_word' id='word_1_285' title='bbox 1184 2167 1213 2195; x_wconf 72' lang='lat' dir='ltr'>te</span> <span class='ocrx_word' id='word_1_286' title='bbox 1225 2168 1269 2197; x_wconf 75' lang='lat' dir='ltr'>est</span> <span class='ocrx_word' id='word_1_287' title='bbox 1279 2166 1353 2205; x_wconf 74' lang='lat' dir='ltr'>fans</span> <span class='ocrx_word' id='word_1_288' title='bbox 1364 2168 1456 2209; x_wconf 76' lang='lat' dir='ltr'>vitae,</span> 
     </span>
    </p>
   </div>
   <div class='ocr_carea' id='block_1_23' title="bbox 958 2207 1457 2285">
    <p class='ocr_par' dir='ltr' id='par_1_30' title="bbox 958 2207 1457 2285">
     <span class='ocr_line' id='line_1_87' title="bbox 958 2207 1457 2283; baseline 0.024 -47"><span class='ocrx_word' id='word_1_289' title='bbox 958 2209 986 2283; x_wconf 57' lang='lat' dir='ltr'>{a}</span> <span class='ocrx_word' id='word_1_290' title='bbox 1007 2207 1044 2238; x_wconf 68' lang='lat' dir='ltr'>in</span> <span class='ocrx_word' id='word_1_291' title='bbox 1059 2207 1180 2240; x_wconf 67' lang='lat' dir='ltr'>lumine</span> <span class='ocrx_word' id='word_1_292' title='bbox 1195 2214 1248 2243; x_wconf 81' lang='lat' dir='ltr'>z‘uo</span> <span class='ocrx_word' id='word_1_293' title='bbox 1265 2213 1457 2248; x_wconf 72' lang='lat' dir='ltr'>videbrz&#39;mus</span> 
     </span>
     <span class='ocr_line' id='line_1_88' title="bbox 970 2263 1074 2285; baseline 0 0"><span class='ocrx_word' id='word_1_294' title='bbox 970 2263 1074 2285; x_wconf 69' lang='lat' dir='ltr'>umen.</span> 
     </span>
    </p>
   </div>
  </div>
 </body>
</html>
