1679 2491
701 80 956 115 —189—

260 173 353 212 Cujus
380 176 489 205 sancta
507 174 689 206 conscendit
704 175 806 206 anima

304 219 367 252 Sub
391 219 454 251 fine
474 218 561 251 felici

351 266 452 305 Regni
476 267 621 306 perpetui

399 312 477 344 Cum
500 313 616 344 sanctis
640 314 762 353 patriae

447 358 586 391 Sublime
610 360 729 392 solium.

324 451 384 484 Ad
408 451 670 485 Matutinum.

391 516 604 543 :invitator-ium.

257 572 386 605 Adsunt
412 581 479 604 cum
503 572 603 612 gloria

306 618 503 650 Christianae
525 619 604 659 legis

260 665 357 697 Sacra
380 665 530 696 solemnia

306 711 459 743 Ludovici
483 712 575 751 regis.

322 805 366 836 In
393 805 424 836 1.
451 803 677 835 Nocturno.

405 867 596 904 Antiphonae.

208 925 239 957 1.
263 924 314 957 Ex
339 928 464 956 strenuo
485 925 586 956 miiite

310 972 403 1003 Patre
426 976 607 1010 procreatus

262 1018 362 1051 Sensu
384 1018 496 1050 matris
518 1017 647 1049 inclitae

309 1064 415 1097 Crevit
439 1065 597 1096 educatus.

204 1122 236 1152 2.
262 1120 369 1153 Oritur
394 1121 426 1151 in
451 1120 596 1160 gaudium

308 1166 422 1198 Sacrae
446 1175 524 1206 puer
545 1166 670 1205 indolis,

261 1213 354 1245 Felix
377 1213 589 1253 puerperium,

309 1260 401 1292 Felix
426 1263 512 1291 ortus
533 1259 660 1291 sobolis,

207 1317 239 1349 3.
265 1315 315 1347 Ab
341 1324 446 1347 amore
471 1315 588 1347 saeculi

309 1362 437 1394 Juvenis
462 1361 638 1394 abstractus

263 1409 322 1448 Ea,
348 1417 426 1449 quae
450 1411 523 1440 sunt
546 1408 679 1450 parvuli,

308 1455 428 1487 Vacuat
451 1456 501 1487 vir
524 1453 636 1486 factus.

206 1513 238 1544 4.
263 1511 388 1544 Veritas
414 1514 446 1542 et
468 1511 684 1542 misericordia

310 1558 468 1598 Ceperunt
491 1557 700 1589 habitaculum

264 1605 385 1645 cordis,
411 1613 473 1643 pax
498 1607 529 1635 et
549 1604 672 1643 justitia

311 1652 530 1683 Convenerunt
553 1650 594 1682 ad
617 1650 764 1684 osculum.

211 1707 241 1739 5.
266 1706 400 1738 Evitans
423 1706 531 1738 mundi
556 1707 730 1745 strepitum,

311 1752 429 1784 Sedens
457 1753 589 1784 domatis
614 1752 725 1791 angulo

266 1797 440 1830 Reficiebat
463 1798 608 1837 spiritum

314 1845 429 1877 Sacrae
454 1844 614 1876 doctrinae
637 1845 761 1883 pabulo.

209 1902 239 1934 6.
266 1900 423 1933 Creatoris
448 1900 594 1940 injuriam

312 1947 460 1980 Graviter
484 1945 616 1984 ferebat,

263 1995 524 2034 Biasphemorum
548 1991 713 2033 perfidiam

309 2041 397 2073 Dure
420 2040 579 2080 puniebat.

401 2110 605 2147 Responsoria.

206 2164 237 2198 1.
260 2164 449 2203 Ludovicus,
476 2172 533 2195 rex
556 2162 693 2204 inclitus,

307 2211 428 2251 Regum
454 2210 648 2242 Francorum
673 2208 781 2249 gloria,

263 2259 293 2289 A
319 2259 478 2297 primaevo
503 2256 655 2289 sollicitus

310 2304 426 2337 Christi
450 2305 536 2345 sequi
564 2304 704 2344 vestigia,

928 173 1103 207 Promeruit
1129 171 1277 205 divinitus

970 219 1101 252 Aeterni
1124 218 1213 259 regni
1235 217 1385 257 praemia.

860 266 897 299 V.
923 267 992 299 Rex
1015 267 1126 298 sedens
1150 266 1182 297 in
1206 265 1283 295 solio

971 312 1150 345 Decernens
1166 311 1330 351 justitiam,

926 359 1069 391 Contuito
1093 357 1230 397 praemio

970 405 1133 445 Dissipans
1157 404 1320 436 malitiam.

870 462 900 494 2.
929 460 1056 493 Gratam
1081 461 1166 491 vitae
1186 460 1379 498 ,iuventutem

973 506 1138 546 Sapienter
1164 506 1317 545 incipiens

1024 553 1140 585 Christi
1161 554 1235 592 jugo
1260 550 1433 590 supposuit,

927 599 977 630 De
999 600 1115 631 virtute
1138 599 1171 630 in
1195 599 1338 629 virtutem

974 645 1118 684 Quotidie
1141 643 1307 684 proficiens

1021 693 1114 723 Vitae
1139 699 1282 723 coronam
1306 690 1429 722 meruit.

864 738 902 770 V.
929 739 963 770 Si
986 738 1064 777 legis
1089 739 1234 776 attentus,

973 783 1010 815 In
1035 784 1122 816 Josia
1149 782 1306 823 figuratur,

934 830 1027 871 Cujus
1050 834 1096 860 sic
1116 830 1261 868 juventus

973 876 1053 915 Regi
1077 883 1184 915 regum
1207 874 1387 909 famulatur.

874 933 905 965 3.
930 933 968 964 In
993 930 1162 963 fundandis
1188 931 1335 970 ecclesiis,

977 978 1012 1010 In
1038 978 1229 1009 relevatione
1252 985 1433 1016 pauperum,

1025 1024 1122 1062 Quam
1149 1025 1277 1056 devotus
1303 1024 1468 1063 exstiterit,

935 1071 1035 1103 Certis
1059 1074 1169 1110 patens
1193 1070 1318 1101 indiciis

977 1118 1130 1150 Praesens
1169 1117 1258 1149 nobis
1298 1117 1465 1156 adspectus

1254 1172 1383 1203 operum

1027 1210 1243 1243 indubitanter
1269 1211 1381 1252 aperit,

868 1259 905 1291 V.
932 1258 1008 1291 Cum
1031 1266 1139 1289 manus
1161 1257 1284 1296 ,iustitia

977 1304 1099 1336 Devoto
1123 1303 1235 1334 mentis
1260 1303 1364 1334 studio

933 1351 1044 1382 Secum
1068 1349 1107 1382 ab
1130 1349 1264 1381 infantia

979 1397 1085 1428 Crevit
1108 1397 1275 1428 miseratio.

874 1454 905 1487 4.
931 1453 1105 1486 Verborum
1127 1452 1338 1484 moderamine

976 1499 1059 1532 Mire
1086 1499 1334 1537 air-cumspectua

933 1546 1032 1578 Grata
1054 1546 1181 1577 trahens
1208 1545 1372 1577 dulcedine

975 1592 1142 1625 Hominum
1170 1591 1308 1631 affectus,

931 1639 1079 1671 Veritatis
1105 1639 1245 1670 examine

975 1685 1124 1717 Noscitur
1147 1684 1315 1724 perfectus.

868 1732 907 1764 V.
935 1732 1090 1771 Concepto
1115 1740 1257 1763 sermone
1278 1730 1399 1762 sobrius

977 1778 1192 1810 Juramentum
1217 1779 1308 1813 eavit,

929 1825 998 1862 Est,
1024 1827 1080 1862 est,
1104 1833 1177 1864 non,
1201 1833 1262 1855 non
1280 1823 1397 1864 dicens,
1414 1832 1478 1854 am-

1253 1870 1335 1909 plius

975 1916 1095 1948 Malum
1118 1917 1281 1955 judicavit.

997 2028 1044 2060 In
1068 2031 1099 2063 2,
1124 2029 1348 2061 Nocturno.

1074 2103 1265 2139 Antiphonae.

877 2161 906 2193 1.
932 2160 1062 2192 Transit
1085 2169 1171 2192 mare
1194 2170 1250 2193 rex
1273 2162 1404 2203 insignis

979 2207 1087 2240 Firma
1107 2206 1170 2239 fide
1192 2207 1300 2249 fultus,

933 2254 1052 2286 Multos
1077 2264 1186 2295 graves
1212 2256 1250 2287 ab
1270 2256 1406 2297 indignis

978 2302 1105 2334 Patiens
1129 2302 1269 2335 insultus.
