1656 2491
223 1560 241 1590 ΚΟ

285 170 431 202 Columba
452 170 589 201 moribus

328 216 417 247 Mitis
442 218 472 246 et
495 215 628 254 humilis,

283 261 358 292 Pius
382 261 550 301 egentibus,

332 307 455 339 Cunctis
479 304 619 336 amabilis

282 352 426 390 Antiquis
448 351 587 391 patribus

327 398 387 429 Est
410 395 635 435 comparabilis.

280 442 383 473 Sacris
405 442 585 481 virginibus,

326 487 390 519 Piis
416 488 602 526 doctoribus,

281 533 555 571 Peregrinantibus

328 579 452 610 effectus
476 578 594 610 similis.

248 658 255 665 .
283 632 401 672 Corpus
426 634 563 665 edomuit

328 678 445 711 crebris
467 678 636 719 laboribus,

281 725 319 756 In
343 725 436 755 maris
460 725 551 755 latuit

325 769 425 800 nudus
449 770 592 801 litoribus

279 815 369 846 More
392 815 487 846 Jacob

326 869 384 899 pro
409 861 610 892 cervicalibus

282 905 459 937 Reclinavit„

328 954 421 990 caput
443 952 601 990 lapidibus

246 1021 252 1028 .
279 996 395 1028 Noctes
419 997 465 1028 sio
489 997 636 1029 dedicans

328 1043 446 1073 devotis
468 1043 612 1082 precibus

279 1087 324 1119 Et
349 1088 414 1119 dies
439 1089 595 1126 explicans

327 1134 387 1171 piis
412 1134 566 1172 operibus.

345 1251 389 1282 In
415 1253 444 1284 3.
470 1251 692 1284 Nocturno.

421 1314 612 1349 Antiphonae.

247 1392 254 1399 .
280 1367 394 1399 Vivens
418 1369 484 1400 sine
506 1370 627 1400 macula

326 1413 432 1444 Carnis
457 1418 580 1446 sanctus
603 1416 662 1446 iste

279 1459 381 1490 Intrat
403 1460 602 1491 tabernacula

324 1504 392 1535 Tua
415 1508 525 1544 tecum,
553 1505 683 1538 Christe.

245 1581 252 1587 .
279 1557 388 1590 Cordis
414 1560 600 1591 desiderium

323 1604 407 1635 Deus
429 1606 476 1636 illi
502 1606 598 1644 dedit,

280 1648 372 1688 Cujus
395 1659 452 1688 per
475 1652 622 1682 auxilium

327 1695 464 1727 Gloriam
486 1698 635 1735 possedit.

245 1775 251 1782 .
276 1749 421 1781 Manibus
444 1752 616 1792 innocuum,

323 1795 422 1827 Sorde
446 1798 546 1828 earnis
569 1806 680 1837 purum

279 1842 405 1873 Servum
429 1843 512 1875 levat
536 1852 591 1875 rex
614 1853 702 1875 suum

325 1888 360 1918 In
384 1896 511 1927 regnum
535 1898 684 1921 securum.

414 1970 615 2005 Responsoria.

243 2048 250 2055 .
276 2024 439 2064 Magorum
462 2027 633 2066 praestigia

320 2071 513 2109 Frequenter
541 2074 666 2114 detexit,

276 2116 328 2147 Ab
351 2115 466 2148 inferni
486 2119 581 2156 janua

321 2163 463 2195 Mortuos
488 2166 600 2206 evexit,

275 2209 503 2248 Tranquillavit
524 2212 632 2252 maria,

320 2254 441 2287 Futura
464 2258 611 2297 prospexi

567 2290 732 2376 semlfflf‘
754 2286 797 2319 ⁰¹⁷

820 74 886 109 100
933 93 980 98 —

882 166 916 198 V.

878 652 915 685 V.

813 2290 998 2384 39¹⁴er

560 2365 586 2389 Χ

540 2397 574 2422 ιυ
681 2387 728 2412 ΒΤ.
753 2394 928 2428 meat-eug

542 2332 860 2491 {Gne

941 166 1111 198 Multorum
1137 167 1286 198 coenobia

990 211 1214 243 Monachorum
1238 212 1329 253 rexit,

944 257 1109 297 oppressis
1134 259 1278 298 angustia

992 304 1161 336 Dexteram
1186 305 1336 344 porrexit.

913 404 919 410 .
942 377 1027 416 Ignis
1051 377 1262 409 combusserat

990 424 1151 462 Quoddam
1177 424 1387 463 coenaculum,

946 468 1009 500 Sed
1033 470 1151 501 nullum
1171 472 1312 501 senserat

991 515 1093 546 Postis
1116 515 1298 555 periculum,

943 560 981 592 In
1005 569 1066 600 quo
1088 562 1285 600 pependerat

989 606 1100 638 Letale
1119 608 1259 645 pallium.

940 651 1037 683 Juxta
1058 653 1242 691 primarium

991 698 1105 729 Christi
1129 699 1312 730 miraculum

942 743 1035 782 Aqua
1056 744 1209 775 vinarium

987 790 1139 827 Propinat
1162 791 1317 829 poculum,

942 834 1039 872 Quam
1063 844 1120 873 pro
1145 839 1252 866 sancto

988 880 1073 911 Deus
1097 884 1280 913 mutaverat.

909 977 915 984 .
944 952 1092 985 Columba
1114 954 1147 985 in
1170 956 1305 993 patriam

988 998 1132 1030 Gaudens
1156 1000 1302 1040 introisti,

942 1043 1115 1076 Surdeerae
1141 1046 1302 1077 ecclesiam

986 1090 1100 1121 Vivens
1126 1091 1272 1130 dilexisti,

940 1135 1065 1167 Ducens
1091 1137 1132 1168 ad
1155 1138 1334 1169 memoriam

990 1181 1075 1219 Quod
1102 1183 1181 1213 hanc
1206 1184 1337 1222 coluisti,

942 1227 1029 1258 Velis
1055 1228 1082 1257 ei
1106 1229 1235 1267 gratiam

986 1273 1159 1310 Impetrare
1184 1274 1308 1308 Christi.

940 1316 996 1348 Cui
1020 1319 1197 1356 specialiter

987 1364 1081 1395 Pater
1104 1365 1279 1406 praefuisti,

940 1408 1054 1448 Illique
1079 1410 1243 1442 celebriter

986 1455 1065 1486 Esse
1087 1457 1239 1488 meruisti,

1032 1579 1047 1610 I
1056 1588 1077 1609 11
1101 1579 1128 1611 L
1136 1589 1156 1611 a
1164 1590 1185 1611 u
1196 1580 1264 1612 dib
1272 1591 1294 1612 u
1302 1592 1328 1613 s.

1084 1647 1274 1682 Antiphonae.

906 1724 913 1731 .
939 1702 1039 1733 Adest
1065 1703 1131 1734 dies
1155 1704 1303 1745 laetitiae,

983 1748 1018 1779 In
1043 1757 1101 1787 quo
1128 1749 1277 1782 Columba
1298 1753 1426 1785 Domini

939 1792 1094 1825 Thronum
1120 1798 1300 1828 conscendit
1322 1799 1441 1838 gloriae

985 1839 1117 1871 Coelesti
1138 1842 1262 1879 junctus
1286 1846 1418 1885 agmine.

907 1936 912 1943 .
938 1912 1051 1945 Mundi
1076 1922 1183 1947 carens
1207 1916 1293 1957 vitio,

987 1959 1123 1991 Mundus
1148 1962 1213 1993 vita
1234 1971 1325 2004 pura,

938 2004 1038 2036 Felici
1063 2009 1244 2039 commercio

986 2050 1071 2082 Coeli
1094 2055 1181 2084 tenet
1201 2055 1283 2093 jura.

906 2149 912 2154 .
938 2124 1079 2165 Ramum,
1105 2127 1225 2166 signum
1251 2130 1441 2171 clementiae,

987 2171 1135 2205 Columba
1156 2176 1304 2216 portavit,

938 2216 1020 2249 Dum
1043 2223 1168 2251 sanctus
1193 2221 1245 2252 hic
1268 2223 1439 2258 Hiberniae

987 2263 1080 2296 Genti
1102 2267 1308 2305 praedicavit.

997 2381 1043 2425 «εὴ

999 2436 1046 2491 ἐ·
