1674 2492
657 93 910 128 -155-

149 183 179 216 3.
207 183 366 216 Gislenum
392 183 483 216 dictis

250 231 304 262 ubi
328 230 444 264 mulcet
465 234 592 270 praesul
616 235 742 274 amicuS,

206 277 408 309 Castrilocum
433 278 556 319 migrat,

251 324 339 362 operi
363 323 542 362 vigilantior
565 326 670 364 instat,

207 368 289 400 Hinc
312 370 491 409 peragenda
515 375 611 411 ratus,

250 417 369 447 monuit
392 425 470 455 quae
494 419 610 449 coelica
635 420 741 451 virtus

171 485 177 490 .
204 460 408 494 Lantbertum
431 471 505 494 sanc

252 509 351 540 sociat
373 508 433 540 sibi
456 509 687 550 Belliiiumquo.

172 589 178 595 .
207 563 231 595 Ο
257 564 358 603 pietas
382 564 519 603 Domini,

252 619 269 641 o
298 611 396 642 virtus
419 613 554 643 maxima
579 612 703 652 Christi,

206 655 331 687 Desinit
354 658 403 688 ira
427 665 545 696 canum,

251 703 344 740 petiit
365 702 419 734 ubi
443 704 548 735 bellua
571 707 721 742 sanctum,

204 747 265 778 Hic
289 750 372 779 omni
395 749 517 780 latebra

249 797 312 824 stat
336 795 431 826 vestis
455 796 551 826 tutior
574 796 701 834 umbra3

167 861 174 868 .
201 840 268 878 Ipsi
293 849 361 871 cum
385 841 514 872 ducibus

248 887 377 917 miratus
401 895 457 917 rex
478 887 674 926 Dagobertus

205 931 385 964 Cedendum
408 934 526 972 statuit,

249 978 302 1009 ubi
326 981 414 1010 tanta
437 980 562 1018 negotia
586 980 687 1011 discit.

268 1076 311 1106 In
338 1079 368 1108 2.
392 1076 615 1110 NocturnO.

346 1145 537 1180 Antiphonae.

170 1228 176 1233 .
202 1201 321 1233 Doctus
346 1202 526 1241 apostolicis

247 1250 397 1280 mundum
421 1257 571 1287 superare
591 1250 748 1289 magistris

202 1294 277 1325 Sese
302 1294 418 1326 heremi
443 1296 552 1326 castris

249 1341 350 1372 sociat
372 1341 421 1372 vir
445 1341 628 1379 spiritualis,

168 1420 174 1426 .
201 1397 260 1428 His
282 1397 398 1435 junctis
425 1399 531 1438 certat,

249 1443 383 1474 animam
408 1443 574 1473 virtutibus
600 1448 699 1484 ornat,

200 1488 266 1528 Nil,
293 1490 374 1529 quod
399 1490 586 1527 praetulerit

247 1536 400 1574 maj0rum
426 1544 542 1574 norma,
569 1537 724 1576 relinquit,

171 1618 177 1624 .
205 1592 374 1623 Ordinibus
398 1592 496 1623 sacris

248 1647 344 1677 quare
368 1641 554 1670 veneranter
577 1639 700 1678 adeptis

198 1684 331 1724 Dignior
355 1686 501 1716 aeternae

244 1734 361 1763 tractat
386 1732 537 1771 mysteria
561 1732 651 1763 vitae.

165 1813 172 1819 .
198 1786 267 1817 Nec
290 1788 366 1818 satis
390 1789 437 1817 est
462 1787 557 1818 eremi

248 1836 426 1865 contentum
445 1833 567 1872 legibus
591 1834 646 1873 uti,

200 1880 301 1911 Exsul
325 1881 370 1911 uti
397 1879 551 1910 Christum

248 1930 387 1966 quaerat,
420 1926 560 1957 decernit
583 1927 745 1966 agendum.

163 2007 171 2014 .
197 1982 282 2022 Ergo
307 1981 452 2021 Dionysii

244 2030 372 2061 volvens
397 2029 540 2068 exempla
563 2028 648 2060 beati

199 2076 388 2108 Coenobium
413 2075 526 2115 linquit

244 2126 274 2154 et
298 2123 431 2156 Romam
455 2123 557 2154 visere
581 2123 692 2162 pergit.

167 2197 174 2203 .
201 2170 315 2201 Visitet
338 2173 373 2201 ut
396 2169 546 2208 Francos,

225 2217 394 2252 mandatur
418 2217 547 2248 coelitus
572 2216 674 2256 heros,

196 2264 257 2296 Est
277 2264 364 2296 locus
388 2263 584 2305 Ursctungus,

246 2311 298 2342 hic
321 2311 405 2343 vitae
429 2310 582 2350 transigat
604 2319 689 2343 usus.

817 246 846 277 1.

1009 188 1209 225 Responsoria.

875 247 939 285 Quo
962 249 1119 286 properet,
1146 250 1269 278 sanctus

917 294 1021 332 aquila
1041 293 1105 333 jam
1122 293 1278 332 praeduce
1296 293 1414 331 doctus,

877 338 952 370 Cum
976 339 1086 371 catulis
1110 348 1215 370 ursam

919 385 1079 424 Ursdungi
1102 386 1135 416 in
1161 386 1241 417 valle
1261 389 1415 425 repertam

873 430 1000 471 Effugat
1023 436 1053 462 et
1079 440 1202 470 capsam

917 479 1032 516 repetit
1055 486 1122 508 cum
1147 482 1232 509 veste
1250 482 1414 516 sacratzun,

873 524 918 555 Ut
942 523 1058 555 Christi
1083 524 1198 555 cultum

919 573 1035 601 statuat
1052 578 1146 608 genus
1164 579 1253 601 omne
1270 570 1415 602 ferarum.

817 644 848 676 2.
876 642 962 674 Cella
984 643 1021 675 fit
1043 644 1163 675 interea

919 689 1033 721 divinis
1059 690 1192 721 cultibus
1216 694 1300 729 apta,

873 735 1021 766 Omnibus
1047 736 1160 766 evulsis

917 782 1016 812 sancti
1041 781 1155 812 sudore
1178 783 1295 814 nocivis

873 826 980 865 Surgit
1003 827 1180 866 apostolicis

917 872 1003 903 Petri
1028 873 1178 912 Paulique
1202 875 1366 914 triumphis

868 918 975 949 Gloria
1000 919 1042 949 sit
1065 919 1162 960 trino,

919 965 971 1003 qui
995 963 1187 1004 glorificatur
1210 966 1243 997 in
1266 976 1337 998 uno.

838 1063 845 1070 .
870 1039 1000 1070 Praesul
1026 1041 1060 1070 ut
1082 1039 1255 1070 Autbertus

918 1084 1037 1116 Gisleni
1063 1086 1214 1124 comperit
1237 1090 1331 1125 actus,

870 1130 1001 1166 Evocat,
1026 1131 1173 1170 inquirit3

919 1186 986 1208 sum
1035 1178 1172 1209 Graecus
1221 1177 1414 1218 Christicola,

1193 1224 1302 1267 inquit,

870 1270 958 1307 Quod
983 1271 1090 1301 videor
1114 1278 1231 1309 gerere,

914 1316 1036 1354 J'ussere
1060 1317 1186 1346 oracula
1209 1316 1335 1356 Romae,

869 1362 960 1393 Nunc
984 1361 1089 1394 faveas
1115 1363 1242 1401 coeptis,

918 1417 985 1439 oum
1009 1417 1064 1440 nos
1088 1408 1175 1446 prior
1198 1409 1267 1447 ipse
1282 1409 1412 1441 vocaris,

837 1506 845 1514 .
871 1482 1012 1513 Antistes
1036 1485 1161 1513 sanctus

919 1529 1023 1560 divino
1047 1529 1172 1560 numine
1196 1532 1298 1561 tactus

869 1575 924 1606 Nil
948 1574 1015 1606 fore
1041 1574 1201 1607 Gislenum

916 1623 1015 1653 cernit
1037 1622 1169 1653 mortale
1191 1626 1339 1657 secutum,

872 1668 917 1700 Ut
941 1669 1067 1708 dignum
1092 1667 1203 1708 fuerat,

917 1715 1008 1745 simul
1033 1714 1237 1754 amplexatur,
1263 1716 1408 1753 honorat3

867 1761 968 1792 Instet
990 1761 1037 1792 uti
1063 1761 1190 1800 coeptis,

915 1808 1020 1838 verbis
1045 1808 1187 1838 hortatur
1210 1808 1360 1848 honestis,

869 1853 921 1884 Ad
946 1853 1193 1885 benedicendum

915 1908 949 1930 se
965 1899 1099 1938 spondet
1114 1908 1252 1939 opusque
1265 1899 1412 1932 futurum.

933 2039 979 2070 In
1004 2041 1033 2072 3.
1060 2038 1284 2073 NocturnO.

1013 2114 1057 2141 Ad
1078 2112 1203 2140 Cantica.

836 2194 843 2200 .
870 2170 1025 2210 Praesago
1050 2179 1103 2202 san
1108 2174 1175 2202 ctus

914 2218 1034 2256 pariter
1057 2218 1227 2256 spiramine
1250 2219 1360 2258 plenus

873 2263 1049 2296 Proclamat
1072 2265 1234 2304 gravidam

915 2315 1024 2350 partus
1049 2320 1165 2351 angore
1187 2313 1332 2346 levatam.
