1656 2491
787 108 1037 142 —146—

340 202 474 233 lncalui‘t
497 211 554 233 nec
577 204 649 241 post
671 201 765 240 riguit

386 248 520 286 gravitas
546 247 698 285 hiemalis,

277 294 312 325 V.
340 293 401 324 Sed
425 297 563 324 tenerum
588 302 642 325 ver
664 290 842 331 florigerum

387 342 480 378 caput
504 339 612 370 extulit
635 340 721 377 hora,

340 385 406 422 Qua
429 385 544 417 micuit.
570 394 629 423 qua
653 393 772 423 gemma
795 382 854 415 fuit

384 431 536 469 producta
561 431 680 462 decora.

399 558 444 589 In
468 560 500 591 2.
524 558 747 589 Nocturno.

479 630 668 665 Antiphonae.

281 691 311 723 1.
337 690 471 729 Moxque
497 691 572 728 dies,
599 700 689 730 quam
715 693 877 730 temperies

385 744 422 766 ea
445 737 490 767 sic
515 736 682 777 decoravit,

336 781 472 813 Delicias
496 783 589 813 urbes
613 784 690 814 alias

382 828 515 859 sensisse
541 828 695 867 probavit.

280 903 311 933 2.
336 901 522 932 Belovacum
545 910 603 932 nec
626 902 823 933 Cameraeum

383 954 441 976 nec
463 947 684 985 TeroanenseS,

339 991 465 1028 Quando
489 991 556 1031 suit,
583 1001 632 1023 res
656 1002 717 1023 non
742 993 833 1023 latuit

383 1045 440 1068 nec
466 1038 696 1069 Noviomenses.

283 1113 314 1143 3.
340 1110 400 1141 Sed
428 1112 556 1149 propria
578 1121 648 1143 mox
673 1112 800 1151 quisque
816 1114 875 1151 via,

384 1164 443 1194 qua
466 1157 563 1187 sensit
584 1158 719 1196 odorem,

339 1201 440 1232 Vertit
463 1202 523 1233 iter
546 1202 677 1234 Domino
702 1205 820 1241 pariter

383 1248 562 1279 moderante
584 1249 730 1280 laborem.

472 1338 671 1373 Responsoria.

281 1399 310 1429 1.
336 1397 423 1427 Tunc
446 1398 540 1429 nimia.
564 1408 632 1430 cum
654 1399 772 1431 laetitia

381 1445 526 1481 stupuere
547 1445 697 1482 videnteS‚

338 1489 389 1520 Sic
411 1488 522 1520 faciem
546 1499 709 1522 renovasse
734 1491 814 1521 diem

381 1543 564 1574 camposque
587 1537 730 1567 virentes.

335 1579 482 1619 Litigium
507 1580 586 1612 foret
611 1590 682 1622 ergo
707 1583 790 1621 pium

381 1626 439 1656 tibi
464 1635 589 1658 cernere
610 1628 782 1667 pulchrum,

270 1671 308 1703 V.
334 1671 408 1703 Cum
432 1676 610 1713 properant,
635 1675 670 1705 ut
686 1677 758 1705 vota
774 1674 875 1707 ferant

380 1720 566 1758 tangantque
589 1720 796 1759 sepulchrum,

280 1793 309 1822 2.
336 1790 410 1821 Tam
436 1792 507 1823 miri
532 1802 591 1832 qua
613 1796 704 1833 parte
728 1795 787 1826 viri

379 1846 468 1869 sacra
490 1839 629 1871 membra
653 1838 787 1872 ferentes

334 1882 552 1925 Substiterant‚
586 1886 707 1925 quando
732 1891 877 1926 poterant

379 1933 542 1968 penetrare
566 1935 737 1972 sequentes,

336 1973 398 2005 Ceu
421 1977 515 2007 variis
538 1977 583 2008 ibi
610 1978 729 2009 deliciis

378 2021 532 2060 impressa
555 2025 702 2056 tenebant

337 2066 398 2098 Ora
422 2068 498 2107 viae,
525 2079 585 2108 qua.
607 2070 756 2110 reliquiae

381 2117 506 2145 sanctae
529 2117 702 2149 veniebant.

270 2159 307 2191 V.
332 2158 391 2191 His
407 2161 529 2198 pridem
548 2162 621 2194 dant
638 2164 755 2203 scripta
771 2165 874 2206 fidem,

379 2215 424 2236 310
447 2216 577 2247 namque
598 2211 718 2248 priores

335 2251 471 2284 Delicias
495 2255 620 2287 mittunt
643 2258 761 2296 patrias

378 2299 420 2331 ad
443 2301 626 2340 superiores,

944 203 974 234 3.
999 200 1127 240 Egregii
1151 202 1329 241 pariterque
1352 201 1396 240 pii

1046 246 1197 278 miracula.
1218 250 1305 279 tanta

1002 293 1059 331 Qui
1082 294 1204 333 recolis,
1231 303 1298 325 eum
1323 294 1479 324 recticolis

1045 347 1126 370 nova
1150 341 1270 371 cantica
1295 342 1395 378 canta,

999 384 1066 416 Nec
1091 385 1221 425 dubites,
1251 395 1288 418 ea
1310 386 1338 416 si
1363 385 1485 425 retices,

1044 431 1237 463 mirabiliora

999 477 1095 508 Posse
1118 477 1228 517 Deum,
1254 479 1311 509 sed
1335 486 1459 516 semper
1476 486 1544 508 eum

1046 523 1174 554 devotus
1198 524 1311 564 adora;

934 569 970 599 V.
997 569 1055 605 Qui
1078 569 1189 607 potuit,
1215 569 1367 608 quidquid
1389 570 1497 608 voluit,

1045 615 1125 653 quod
1150 624 1245 653 saepe
1267 614 1422 654 probavit,

998 659 1202 699 Magnificans
1228 663 1259 692 et
1282 660 1468 701 glorificans,

1045 715 1120 745 quos
1143 707 1212 745 ipse
1235 707 1367 740 vocavit.

1062 809 1108 839 In
1134 809 1164 841 3.
1189 808 1414 840 Nocturno.

1140 876 1330 910 Aniiphonae.

942 933 972 964 1.
999 932 1117 969 Quanto
1141 932 1334 963 naturalibus

1044 977 1196 1016 Operibus

997 1023 1098 1062 Magis
1123 1025 1193 1053 sunt
1219 1023 1376 1054 contraria

1044 1069 1200 1107 Prodigia.

942 1110 945 1113 ’
997 1115 1097 1146 Tanto
1121 1115 1235 1145 sanetis
1261 1115 1401 1146 omnibus

996 1161 1099 1198 Major
1122 1160 1196 1191 inde
1220 1161 1326 1200 gloria.

941 1223 972 1253 2,
997 1219 1083 1250 Nihil
1109 1219 1281 1251 mirabilius

999 1266 1094 1303 Quam
1118 1268 1285 1296 nocturnus
1309 1266 1425 1308 radius,

997 1311 1041 1342 Ut
1064 1313 1155 1342 nocte
1179 1313 1352 1343 contrarius

993 1357 1067 1387 Fiat
1089 1357 1188 1388 noctis
1212 1358 1322 1389 socius.

940 1421 969 1451 3.
996 1417 1072 1448 Tam
1094 1425 1215 1448 sacrum
1237 1418 1442 1451 ministerium

996 1463 1179 1494 celebrante
1203 1463 1307 1495 Salvio

993 1509 1030 1539 In
1057 1509 1310 1540 Ambiauensium

996 1554 1161 1593 Suburbio,

996 1600 1174 1631 Vicinarum
1200 1602 1304 1633 concio

995 1646 1182 1685 Supervenit
1203 1647 1326 1678 urbium

996 1692 1099 1723 Odore
1122 1693 1187 1723 solo
1212 1695 1329 1725 nuntio.

1132 1775 1334 1811 Responsoria.

940 1833 969 1864 1.
996 1831 1106 1869 Stupet
1129 1831 1240 1862 horror
1264 1833 1405 1864 hiemalis

995 1877 1039 1908 Et.
1061 1877 1200 1917 miratur,
1226 1887 1304 1917 quae
1327 1880 1378 1910 vel
1402 1882 1502 1919 qualis

1041 1922 1101 1953 Est
1122 1923 1184 1955 ista
1207 1926 1347 1965 mutatio,

996 1969 1069 2007 Quis
1095 1972 1141 2000 est
1164 1970 1224 2001 iste
1245 1973 1309 2005 tam
1330 1972 1496 2011 jucundus,

997 2015 1057 2046 Pro
1082 2024 1141 2054 quo
1166 2020 1275 2048 vernat
1298 2019 1345 2049 ita
1367 2020 1501 2051 mundus

1040 2061 1160 2092 Hiemis
1183 2063 1216 2093 in
1239 2065 1353 2103 medio,

931 2108 969 2142 V,
995 2107 1081 2140 Dans
1106 2112 1235 2141 naturae
1259 2109 1360 2142 fracto
1382 2112 1454 2150 jure

1042 2154 1157 2185 Rosam
1178 2155 1190 2194 j
1194 2159 1286 2188 uncto
1309 2157 1386 2190 lilio.

941 2217 971 2247 2.
996 2214 1186 2253 Adjacentes
1210 2219 1330 2256 populi,

999 2261 1072 2299 Quis
1097 2262 1187 2301 hujus
1211 2264 1354 2296 miraculi

1041 2307 1164 2341 Detulit
1186 2319 1335 2350 rumores,
