1656 2491
728 73 955 106 ...32—

211 175 242 205 3.
266 173 342 205 Post
366 171 444 203 hacc
467 169 613 201 mirificus
636 168 710 198 Alto

274 218 414 249 Devotus
438 215 524 247 fulsit
547 215 585 246 ab
611 214 683 250 alto,

275 263 328 294 Sic
349 262 488 294 omnibus
512 267 638 291 manens
662 260 766 297 gratus

275 310 336 340 Per
360 308 515 341 Christum
538 303 758 343 magnificatus

208 355 246 386 V.
273 354 391 386 Clamit
414 348 610 394 [insignibus]

275 400 376 439 Signis
406 402 437 429 et
457 396 631 428 virtutibus

209 457 240 487 4.
265 454 439 486 plasmator
462 450 546 482 Deus
571 451 748 480 cunctorum

271 498 408 531 Donavit
430 496 538 528 Altoni
562 503 684 526 sensum

273 543 432 581 Veritatis,
458 550 517 581 quo
542 544 677 571 armatus

271 589 397 620 Viceret
418 589 537 619 hostem
560 594 718 625 severum3

270 636 331 667 Pro
355 634 443 665 uobis

272 680 347 712 Oret
368 687 426 719 per
449 680 541 717 longa
565 677 693 709 dierum.

207 736 243 766 V.
269 735 383 767 Suavis
410 736 452 765 est
474 733 645 770 Dominus,

271 780 391 812 Beatus
414 779 473 820 vir,
503 779 558 816 qm
579 778 685 816 sperat
708 776 744 807 in
766 785 810 808 eo.

382 863 410 892 A
421 862 440 892 (1
464 861 491 892 L
500 870 519 890 a
526 870 547 891 u
558 861 577 891 d
588 868 604 890 e
612 869 637 893 s.

424 923 602 957 intiphonae.

217 982 248 1014 1.
273 980 405 1019 Magnus
429 980 577 1011 Dominus
601 979 633 1009 in
658 980 731 1017 alto,

276 1025 331 1057 Cui
355 1025 484 1056 servivit
506 1025 557 1055 hic
580 1024 654 1056 Alto

274 1072 477 1110 compescens
501 1071 636 1101 marinos
659 1068 781 1110 fluctus,

273 1116 420 1148 Tenendo
445 1116 564 1147 animae
587 1114 715 1147 fructus:

217 1174 247 1205 2.
274 1171 417 1203 Serviens
440 1171 472 1201 in
496 1170 624 1206 laetitia,

275 1218 331 1249 Cui
354 1217 463 1248 aderat
485 1215 646 1254 munditia,

272 1263 396 1294 Ardens
422 1266 453 1292 et
475 1263 579 1293 lucens
603 1261 729 1292 lucerna

275 1307 397 1340 Gaudet
420 1308 519 1346 gloria
542 1315 684 1346 superna.

218 1365 248 1395 3.
273 1362 435 1394 Matutinis
459 1362 625 1393 meditatus

273 1409 309 1439 In
335 1407 455 1439 Christo
482 1405 541 1438 fuit
564 1410 711 1442 sacratu=,

274 1453 342 1485 Jam
366 1454 500 1484 laetatur
522 1453 553 1483 in
579 1452 682 1483 anima

271 1500 333 1531 Per
355 1499 546 1530 saeculorum
570 1498 702 1529 saecula.

215 1555 245 1586 4.
271 1554 478 1585 Benedicatur
501 1552 650 1584 Dominus

269 1600 306 1631 In
329 1600 429 1630 tribus
452 1599 556 1638 pueris
580 1598 690 1635 trinus,

880 266 909 296 5.

868 804 908 837 A.

937 162 995 202 Qui
1019 163 1100 193 hunc
1122 169 1226 192 secum
1250 157 1415 191 collocavit

937 210 1041 247 Atque
1060 207 1154 246 justis
1178 205 1318 237 sociavit.

937 264 1061 296 Gaudet
1083 261 1182 293 Israel
1206 261 1238 292 in
1263 260 1336 292 Sion

937 310 1037 348 Super
1060 317 1168 340 aurum
1194 310 1225 337 et
1249 306 1404 344 topazion,

935 355 1123 394 Hymnizant
1147 352 1224 384 coeli
1250 351 1406 383 coelorum

934 402 977 433 Et
1000 401 1075 432 Alto
1100 400 1176 430 civis
1201 406 1316 430 eorum.

1053 463 1098 490 Ad
1117 462 1298 489 Benedictus.

934 511 1040 542 Salute
1063 509 1184 540 visitari
1210 517 1265 539 nos
1290 507 1328 538 ab
1354 507 1428 545 alto,

934 556 1004 588 Suis
1029 555 1173 594 precibus
1195 554 1285 592 J'uvet
1305 554 1376 591 pius
1392 552 1480 591 Alto,

936 602 1013 640 Quia
1036 600 1138 640 pressi
1161 600 1257 631 variis
1280 597 1470 637 criminibus,

935 648 1066 680 Absolvi
1091 655 1265 677 mereamur
1280 644 1319 675 ab
1337 643 1478 676 omnibus

934 695 979 726 Et
1000 692 1121 732 perfrui
1147 691 1342 723 coelestibus.

1072 755 1116 782 Ad
1135 755 1271 781 Primam.

933 804 1018 841 Alto,
1043 802 1104 833 Dei
1127 804 1244 842 sancte,

979 849 1078 880 nostri
1103 848 1216 878 dilecte
1238 850 1379 886 patrone,

932 894 1068 933 Respice
1092 893 1220 924 devotos

979 949 1034 972 nos
1058 939 1180 970 tibimet
1203 937 1345 976 famulos,

933 986 1037 1024 thue
1061 985 1156 1023 magis
1181 983 1319 1024 prompti

979 1031 1037 1062 tibi
1061 1031 1213 1070 possimus
1239 1029 1392 1066 famulari,

934 1077 997 1109 Ora
1019 1086 1076 1115 pro
1100 1076 1199 1112 nobis,

981 1121 1087 1153 confer
1110 1130 1197 1160 opem
1223 1121 1354 1153 miseris.

1003 1204 1048 1235 In
1077 1205 1108 1235 2.
1135 1203 1344 1241 vesperis

1052 1267 1096 1294 Ad
1114 1266 1291 1302 Mag-nificat.

932 1324 1062 1355 Athleta
1085 1322 1144 1354 Dei
1168 1323 1302 1361 inclitus,
1328 1322 1413 1363 Alto,

934 1369 1108 1400 Virtutibus
1134 1372 1277 1400 cornatus
1301 1367 1340 1398 ab
1365 1369 1439 1405 alto,

934 1415 1020 1446 Unus
1045 1417 1113 1445 erat
1136 1423 1174 1445 ex
1196 1414 1295 1445 Israel
1319 1412 1463 1452 fortibus,

934 1460 1062 1491 Lectum
1073 1460 1244 1492 Salomonis
1257 1459 1476 1499 ambientibus,

931 1506 1017 1537 Ense
1058 1505 1182 1537 fortiter
1222 1506 1377 1537 accinctus
1415 1505 1479 1536 Dei

1254 1551 1352 1591 verbi,

932 1597 1044 1628 Faciat
1050 1606 1107 1629 nos
1117 1598 1238 1628 calcare
1245 1601 1332 1629 actus
1337 1597 1474 1637 superbi.

279 1662 362 1689 Brev.
387 1670 438 1689 ms.
459 1662 661 1696 &Vingartense
685 1668 758 1688 saec.
786 1658 828 1687 15.
863 1660 929 1688 Cod.
950 1660 1069 1688 Fulden.
1089 1660 1134 1690 Aa
1155 1658 1216 1687 116.
1235 1675 1272 1679 —-
1290 1661 1325 1688 In
1347 1659 1371 1687 1.
1389 1661 1479 1696 Vesp.

205 1698 247 1725 Su
268 1707 297 1726 er
310 1699 357 1725 Ps.
371 1698 402 1731 Α,
423 1697 439 1725 1
456 1699 524 1725 Lies
537 1699 603 1724 Lux
613 1698 711 1724 Deus?
725 1712 761 1715 —
774 1698 809 1725 In
828 1696 854 1724 1.
866 1698 950 1725 Noet.
964 1697 986 1723 Α
1005 1694 1032 1729 3,
1050 1696 1071 1724 4
1081 1697 1151 1724 Lies
1163 1698 1251 1724 Hune
1262 1698 1426 1725 exaudivit?
1440 1712 1478 1716 —

207 1734 227 1761 Β
274 1757 280 1770 ,
304 1734 323 1762 4
341 1736 396 1763 Est
413 1735 484 1762 fehlt
502 1736 554 1762 Hs.
574 1748 610 1753 ——
629 1735 664 1761 In
683 1732 708 1760 2.
728 1734 810 1761 Noet.
830 1732 853 1760 Α
872 1733 899 1766 4,
921 1732 935 1760 1
955 1736 1032 1762 bona
1049 1734 1146 1761 vultus
1165 1735 1217 1761 Hs.
1238 1749 1275 1754 —-
1293 1735 1329 1762 In
1348 1733 1374 1762 3.
1393 1735 1477 1763 Noct.

204 1770 224 1797 Β
251 1771 275 1806 1,
298 1771 313 1798 1
332 1773 438 1799 Postea
458 1772 603 1799 eeclesiam
624 1772 677 1798 Hs.
698 1784 733 1788 —
750 1769 770 1796 Β
790 1768 816 1805 4,
838 1769 855 1797 2
867 1772 946 1798 Deus
966 1772 1085 1798 donavit
1096 1771 1148 1797 Hs.
1162 1784 1199 1789 —
1214 1769 1233 1796 Β
1253 1771 1280 1802 4,
1301 1769 1319 1797 2
1331 1772 1479 1799 Venerunt

205 1812 276 1836 statt
293 1809 425 1836 veritatis
437 1810 491 1836 Hs.
504 1823 542 1827 —
561 1807 581 1834 Β
601 1807 627 1842 4,
647 1807 667 1835 4
680 1808 785 1835 vicens
803 1807 916 1835 hostem
928 1808 982 1835 Hs.
997 1822 1031 1826 —
1044 1808 1079 1834 In
1094 1808 1182 1835 Laud.
1198 1806 1230 1833 Α.
1249 1807 1275 1842 2,
1295 1807 1315 1835 4
1333 1810 1364 1835 in
1383 1808 1478 1845 gloria

206 1846 257 1873 Hs.
277 1860 311 1865 -
332 1844 354 1871 Α
374 1845 401 1878 4,
421 1844 440 1872 4
458 1846 498 1873 Et
511 1845 599 1879 justis
618 1845 670 1872 Hs.

638 1944 664 1974 9.
703 1944 745 1974 De
764 1944 866 1974 sancto
885 1942 1036 1973 Ammone.

339 2012 383 2043 In
412 2012 440 2043 1.
465 2013 492 2043 V
504 2020 573 2051 esp
585 2012 676 2043 eris.

412 2070 602 2106 Antiphonae.

212 2124 242 2155 1.
270 2123 411 2155 Gaudeat
435 2123 565 2153 ecclesia

314 2168 467 2207 Chorique
489 2168 671 2207 Leucorum,

267 2215 349 2246 Dum
373 2215 552 2253 resplendet
574 2214 674 2254 gloria

315 2261 475 2293 Pastorum
500 2269 633 2293 suorum.

876 2014 906 2043 2.
930 2011 1130 2042 Mansuetum
1153 2012 1299 2052 nobilem,

977 2057 1034 2096 Qui
1058 2057 1192 2089 Leucam
1218 2059 1347 2098 curavit,

930 2103 1006 2135 Post
1032 2104 1191 2136 decessum
1213 2104 1349 2137 flebilem

977 2151 1109 2182 Ammon
1133 2152 1306 2184 tumulavit.

876 2216 905 2248 3.
930 2214 1004 2249 Hic,
1016 2213 1159 2253 praefato
1180 2217 1319 2256 praesuli

976 2261 1069 2301 Quasi
1094 2270 1150 2301 pro
1174 2264 1320 2295 mercede
