<?xml version="1.0" encoding="UTF-8"?>
<!DOCTYPE html PUBLIC "-//W3C//DTD XHTML 1.0 Transitional//EN"
    "http://www.w3.org/TR/xhtml1/DTD/xhtml1-transitional.dtd">
<html xmlns="http://www.w3.org/1999/xhtml" xml:lang="en" lang="en">
 <head>
  <title>
</title>
<meta http-equiv="Content-Type" content="text/html;charset=utf-8" />
  <meta name='ocr-system' content='tesseract 3.04.00' />
  <meta name='ocr-capabilities' content='ocr_page ocr_carea ocr_par ocr_line ocrx_word'/>
</head>
<body>
  <div class='ocr_page' id='page_1' title='image "./analectahymnica13drevuoft_00086.png"; bbox 0 0 1679 2491; ppageno 0'>
   <div class='ocr_carea' id='block_1_1' title="bbox 345 166 585 202">
    <p class='ocr_par' dir='ltr' id='par_1_1' title="bbox 345 166 585 202">
     <span class='ocr_line' id='line_1_1' title="bbox 345 166 585 202; baseline -0.008 -7"><span class='ocrx_word' id='word_1_1' title='bbox 345 167 391 195; x_wconf 77' lang='lat' dir='ltr'>Ad</span> <span class='ocrx_word' id='word_1_2' title='bbox 409 166 585 202; x_wconf 75' lang='lat' dir='ltr'>Magnificat-</span> 
     </span>
    </p>
   </div>
   <div class='ocr_carea' id='block_1_2' title="bbox 161 224 548 259">
    <p class='ocr_par' dir='ltr' id='par_1_2' title="bbox 161 224 548 259">
     <span class='ocr_line' id='line_1_2' title="bbox 161 224 548 259; baseline -0.01 0"><span class='ocrx_word' id='word_1_3' title='bbox 161 227 201 259; x_wconf 81' lang='lat' dir='ltr'>A.</span> <span class='ocrx_word' id='word_1_4' title='bbox 226 226 294 257; x_wconf 79' lang='lat' dir='ltr'>Deo</span> <span class='ocrx_word' id='word_1_5' title='bbox 319 224 422 256; x_wconf 80' lang='lat' dir='ltr'>carnis</span> <span class='ocrx_word' id='word_1_6' title='bbox 449 224 548 256; x_wconf 78' lang='lat' dir='ltr'>edidit</span> 
     </span>
    </p>
   </div>
   <div class='ocr_carea' id='block_1_3' title="bbox 225 271 636 587">
    <p class='ocr_par' dir='ltr' id='par_1_3' title="bbox 225 271 636 587">
     <span class='ocr_line' id='line_1_3' title="bbox 271 271 603 310; baseline -0.003 -8"><span class='ocrx_word' id='word_1_7' title='bbox 271 271 402 310; x_wconf 85' lang='lat' dir='ltr'>Brigida</span> <span class='ocrx_word' id='word_1_8' title='bbox 428 272 603 309; x_wconf 81' lang='lat' dir='ltr'>candorem,</span> 
     </span>
     <span class='ocr_line' id='line_1_4' title="bbox 225 316 570 348; baseline -0.006 0"><span class='ocrx_word' id='word_1_9' title='bbox 225 317 404 348; x_wconf 81' lang='lat' dir='ltr'>Relativum</span> <span class='ocrx_word' id='word_1_10' title='bbox 427 316 570 348; x_wconf 81' lang='lat' dir='ltr'><strong>reddidit</strong></span> 
     </span>
     <span class='ocr_line' id='line_1_5' title="bbox 272 362 610 403; baseline -0.006 -9"><span class='ocrx_word' id='word_1_11' title='bbox 272 362 429 403; x_wconf 86' lang='lat' dir='ltr'>Benignus</span> <span class='ocrx_word' id='word_1_12' title='bbox 452 363 610 400; x_wconf 84' lang='lat' dir='ltr'>honorem,</span> 
     </span>
     <span class='ocr_line' id='line_1_6' title="bbox 227 408 636 448; baseline -0.005 -8"><span class='ocrx_word' id='word_1_13' title='bbox 227 409 348 441; x_wconf 86' lang='lat' dir='ltr'>Siccum</span> <span class='ocrx_word' id='word_1_14' title='bbox 374 408 490 448; x_wconf 85' lang='lat' dir='ltr'>lignum</span> <span class='ocrx_word' id='word_1_15' title='bbox 513 409 636 440; x_wconf 84' lang='lat' dir='ltr'>niveum</span> 
     </span>
     <span class='ocr_line' id='line_1_7' title="bbox 271 454 621 494; baseline -0.006 -8"><span class='ocrx_word' id='word_1_16' title='bbox 271 455 446 494; x_wconf 85' lang='lat' dir='ltr'>Designans</span> <span class='ocrx_word' id='word_1_17' title='bbox 470 454 621 494; x_wconf 86' lang='lat' dir='ltr'>pudorem</span> 
     </span>
     <span class='ocr_line' id='line_1_8' title="bbox 225 500 614 540; baseline -0.005 -7"><span class='ocrx_word' id='word_1_18' title='bbox 225 501 279 533; x_wconf 87' lang='lat' dir='ltr'>Ad</span> <span class='ocrx_word' id='word_1_19' title='bbox 303 503 419 533; x_wconf 86' lang='lat' dir='ltr'>tactum</span> <span class='ocrx_word' id='word_1_20' title='bbox 443 500 614 540; x_wconf 80' lang='lat' dir='ltr'>virgineum</span> 
     </span>
     <span class='ocr_line' id='line_1_9' title="bbox 272 547 619 587; baseline -0.006 -8"><span class='ocrx_word' id='word_1_21' title='bbox 272 547 453 587; x_wconf 87' lang='lat' dir='ltr'>Resumpsit</span> <span class='ocrx_word' id='word_1_22' title='bbox 477 547 619 578; x_wconf 81' lang='lat' dir='ltr'>virorem.</span> 
     </span>
    </p>
   </div>
   <div class='ocr_carea' id='block_1_4' title="bbox 296 666 639 698">
    <p class='ocr_par' dir='ltr' id='par_1_4' title="bbox 296 666 639 698">
     <span class='ocr_line' id='line_1_10' title="bbox 296 666 639 698; baseline -0.003 0"><span class='ocrx_word' id='word_1_23' title='bbox 296 668 355 698; x_wconf 81' lang='lat' dir='ltr'>Ad</span> <span class='ocrx_word' id='word_1_24' title='bbox 378 666 639 698; x_wconf 85' lang='lat' dir='ltr'>Matutinum.</span> 
     </span>
    </p>
   </div>
   <div class='ocr_carea' id='block_1_5' title="bbox 361 730 573 756">
    <p class='ocr_par' dir='ltr' id='par_1_5' title="bbox 361 730 573 756">
     <span class='ocr_line' id='line_1_11' title="bbox 361 730 573 756; baseline -0.009 0"><span class='ocrx_word' id='word_1_25' title='bbox 361 730 573 756; x_wconf 70' lang='lat' dir='ltr'>Invitatorium.</span> 
     </span>
    </p>
   </div>
   <div class='ocr_carea' id='block_1_6' title="bbox 226 789 634 959">
    <p class='ocr_par' dir='ltr' id='par_1_6' title="bbox 228 789 634 871">
     <span class='ocr_line' id='line_1_12' title="bbox 228 789 606 828; baseline -0.008 -6"><span class='ocrx_word' id='word_1_26' title='bbox 228 790 325 822; x_wconf 84' lang='lat' dir='ltr'>Totus</span> <span class='ocrx_word' id='word_1_27' title='bbox 351 790 434 822; x_wconf 90' lang='lat' dir='ltr'>orbis</span> <span class='ocrx_word' id='word_1_28' title='bbox 458 789 606 828; x_wconf 86' lang='lat' dir='ltr'>Brigidae</span> 
     </span>
     <span class='ocr_line' id='line_1_13' title="bbox 272 836 634 871; baseline -0.011 -3"><span class='ocrx_word' id='word_1_29' title='bbox 272 836 408 868; x_wconf 84' lang='lat' dir='ltr'>Plaudat</span> <span class='ocrx_word' id='word_1_30' title='bbox 432 837 465 866; x_wconf 91' lang='lat' dir='ltr'>in</span> <span class='ocrx_word' id='word_1_31' title='bbox 490 842 634 871; x_wconf 78' lang='lat' dir='ltr'>amorem,</span> 
     </span>
    </p>

    <p class='ocr_par' dir='ltr' id='par_1_7' title="bbox 226 879 606 959">
     <span class='ocr_line' id='line_1_14' title="bbox 226 879 533 915; baseline -0.013 0"><span class='ocrx_word' id='word_1_32' title='bbox 226 882 377 915; x_wconf 84' lang='lat' dir='ltr'>Puritatis</span> <span class='ocrx_word' id='word_1_33' title='bbox 401 879 533 913; x_wconf 82' lang='lat' dir='ltr'>floridae</span> 
     </span>
     <span class='ocr_line' id='line_1_15' title="bbox 274 926 606 959; baseline 0 0"><span class='ocrx_word' id='word_1_34' title='bbox 274 927 387 959; x_wconf 81' lang='lat' dir='ltr'>Currat</span> <span class='ocrx_word' id='word_1_35' title='bbox 410 927 444 958; x_wconf 88' lang='lat' dir='ltr'>in</span> <span class='ocrx_word' id='word_1_36' title='bbox 467 926 606 959; x_wconf 78' lang='lat' dir='ltr'>odorem.</span> 
     </span>
    </p>
   </div>
   <div class='ocr_carea' id='block_1_7' title="bbox 291 1046 644 1080">
    <p class='ocr_par' dir='ltr' id='par_1_8' title="bbox 291 1046 644 1080">
     <span class='ocr_line' id='line_1_16' title="bbox 291 1046 644 1080; baseline -0.011 -1"><span class='ocrx_word' id='word_1_37' title='bbox 291 1048 337 1079; x_wconf 92' lang='lat' dir='ltr'>In</span> <span class='ocrx_word' id='word_1_38' title='bbox 363 1048 393 1080; x_wconf 87' lang='lat'>1.</span> <span class='ocrx_word' id='word_1_39' title='bbox 420 1046 644 1077; x_wconf 81' lang='lat' dir='ltr'>Nocturno.</span> 
     </span>
    </p>
   </div>
   <div class='ocr_carea' id='block_1_8' title="bbox 373 1110 565 1145">
    <p class='ocr_par' dir='ltr' id='par_1_9' title="bbox 373 1110 565 1145">
     <span class='ocr_line' id='line_1_17' title="bbox 373 1110 565 1145; baseline -0.016 -8"><span class='ocrx_word' id='word_1_40' title='bbox 373 1110 565 1145; x_wconf 76' lang='lat' dir='ltr'>Antiphonae.</span> 
     </span>
    </p>
   </div>
   <div class='ocr_carea' id='block_1_9' title="bbox 194 1169 667 1348">
    <p class='ocr_par' dir='ltr' id='par_1_10' title="bbox 194 1169 667 1348">
     <span class='ocr_line' id='line_1_18' title="bbox 194 1169 637 1205; baseline -0.011 0"><span class='ocrx_word' id='word_1_41' title='bbox 194 1197 201 1205; x_wconf 91' lang='lat'><strong>.</strong></span> <span class='ocrx_word' id='word_1_42' title='bbox 227 1172 296 1204; x_wconf 83' lang='lat' dir='ltr'>Rex</span> <span class='ocrx_word' id='word_1_43' title='bbox 323 1171 465 1203; x_wconf 83' lang='lat' dir='ltr'>coelestis</span> <span class='ocrx_word' id='word_1_44' title='bbox 489 1169 637 1202; x_wconf 88' lang='lat' dir='ltr'>humilem</span> 
     </span>
     <span class='ocr_line' id='line_1_19' title="bbox 276 1217 607 1254; baseline -0.012 -4"><span class='ocrx_word' id='word_1_45' title='bbox 276 1218 433 1250; x_wconf 84' lang='lat' dir='ltr'>Ancillam</span> <span class='ocrx_word' id='word_1_46' title='bbox 459 1217 607 1254; x_wconf 72' lang='lat' dir='ltr'>respexit,</span> 
     </span>
     <span class='ocr_line' id='line_1_20' title="bbox 229 1262 667 1303; baseline -0.011 -7"><span class='ocrx_word' id='word_1_47' title='bbox 229 1264 279 1296; x_wconf 85' lang='lat' dir='ltr'>De</span> <span class='ocrx_word' id='word_1_48' title='bbox 303 1273 364 1303; x_wconf 84' lang='lat' dir='ltr'>qua</span> <span class='ocrx_word' id='word_1_49' title='bbox 387 1263 509 1302; x_wconf 87' lang='lat' dir='ltr'>prolem</span> <span class='ocrx_word' id='word_1_50' title='bbox 532 1262 667 1293; x_wconf 86' lang='lat' dir='ltr'>nobilem</span> 
     </span>
     <span class='ocr_line' id='line_1_21' title="bbox 275 1307 616 1348; baseline -0.009 -6"><span class='ocrx_word' id='word_1_51' title='bbox 275 1309 438 1348; x_wconf 79' lang='lat' dir='ltr'>Brigidam</span> <span class='ocrx_word' id='word_1_52' title='bbox 461 1307 616 1346; x_wconf 76' lang='lat' dir='ltr'>provexit.</span> 
     </span>
    </p>
   </div>
   <div class='ocr_carea' id='block_1_10' title="bbox 196 1372 610 1551">
    <p class='ocr_par' dir='ltr' id='par_1_11' title="bbox 196 1372 610 1551">
     <span class='ocr_line' id='line_1_22' title="bbox 196 1372 520 1409; baseline -0.019 0"><span class='ocrx_word' id='word_1_53' title='bbox 196 1402 203 1409; x_wconf 90' lang='lat'><strong><em>.</em></strong></span> <span class='ocrx_word' id='word_1_54' title='bbox 231 1375 334 1407; x_wconf 89' lang='lat' dir='ltr'>Prolis</span> <span class='ocrx_word' id='word_1_55' title='bbox 358 1372 520 1405; x_wconf 80' lang='lat' dir='ltr'><strong>exordium</strong></span> 
     </span>
     <span class='ocr_line' id='line_1_23' title="bbox 274 1419 549 1458; baseline -0.015 -5"><span class='ocrx_word' id='word_1_56' title='bbox 274 1420 378 1453; x_wconf 84' lang='lat' dir='ltr'>Multa.</span> <span class='ocrx_word' id='word_1_57' title='bbox 403 1419 549 1458; x_wconf 86' lang='lat' dir='ltr'>prodigia</span> 
     </span>
     <span class='ocr_line' id='line_1_24' title="bbox 228 1464 610 1504; baseline -0.018 -4"><span class='ocrx_word' id='word_1_58' title='bbox 228 1467 440 1500; x_wconf 85' lang='lat' dir='ltr'>Praecurrunt</span> <span class='ocrx_word' id='word_1_59' title='bbox 463 1464 610 1504; x_wconf 87' lang='lat' dir='ltr'>gaudium</span> 
     </span>
     <span class='ocr_line' id='line_1_25' title="bbox 275 1511 532 1551; baseline -0.016 -6"><span class='ocrx_word' id='word_1_60' title='bbox 275 1511 532 1551; x_wconf 77' lang='lat' dir='ltr'>Praefigurantia.</span> 
     </span>
    </p>
   </div>
   <div class='ocr_carea' id='block_1_11' title="bbox 199 1575 638 1754">
    <p class='ocr_par' dir='ltr' id='par_1_12' title="bbox 199 1575 638 1661">
     <span class='ocr_line' id='line_1_26' title="bbox 199 1575 638 1612; baseline -0.016 -1"><span class='ocrx_word' id='word_1_61' title='bbox 199 1606 204 1612; x_wconf 94' lang='lat'>.</span> <span class='ocrx_word' id='word_1_62' title='bbox 230 1578 333 1610; x_wconf 82' lang='lat' dir='ltr'><strong>Nocte</strong></span> <span class='ocrx_word' id='word_1_63' title='bbox 357 1576 466 1608; x_wconf 84' lang='lat' dir='ltr'>matris</span> <span class='ocrx_word' id='word_1_64' title='bbox 489 1575 638 1607; x_wconf 86' lang='lat' dir='ltr'>lectulum</span> 
     </span>
     <span class='ocr_line' id='line_1_27' title="bbox 276 1622 554 1661; baseline -0.011 -5"><span class='ocrx_word' id='word_1_65' title='bbox 276 1624 347 1656; x_wconf 78' lang='lat' dir='ltr'>Lux</span> <span class='ocrx_word' id='word_1_66' title='bbox 370 1622 554 1661; x_wconf 80' lang='lat' dir='ltr'>irradiabat,</span> 
     </span>
    </p>

    <p class='ocr_par' dir='ltr' id='par_1_13' title="bbox 230 1668 599 1754">
     <span class='ocr_line' id='line_1_28' title="bbox 230 1668 587 1702; baseline -0.008 -1"><span class='ocrx_word' id='word_1_67' title='bbox 230 1671 417 1702; x_wconf 84' lang='lat' dir='ltr'>Nasciturae</span> <span class='ocrx_word' id='word_1_68' title='bbox 440 1668 587 1700; x_wconf 86' lang='lat' dir='ltr'>meritum</span> 
     </span>
     <span class='ocr_line' id='line_1_29' title="bbox 277 1714 599 1754; baseline -0.003 -6"><span class='ocrx_word' id='word_1_69' title='bbox 277 1716 379 1749; x_wconf 88' lang='lat' dir='ltr'>Prolis</span> <span class='ocrx_word' id='word_1_70' title='bbox 406 1714 599 1754; x_wconf 58' lang='lat' dir='ltr'>designabat</span> 
     </span>
    </p>
   </div>
   <div class='ocr_carea' id='block_1_12' title="bbox 372 1806 575 1841">
    <p class='ocr_par' dir='ltr' id='par_1_14' title="bbox 372 1806 575 1841">
     <span class='ocr_line' id='line_1_30' title="bbox 372 1806 575 1841; baseline -0.015 -8"><span class='ocrx_word' id='word_1_71' title='bbox 372 1806 575 1841; x_wconf 79' lang='lat' dir='ltr'>Responsoria.</span> 
     </span>
    </p>
   </div>
   <div class='ocr_carea' id='block_1_13' title="bbox 199 1861 624 2321">
    <p class='ocr_par' dir='ltr' id='par_1_15' title="bbox 200 1861 535 1948">
     <span class='ocr_line' id='line_1_31' title="bbox 200 1861 535 1898; baseline -0.018 -1"><span class='ocrx_word' id='word_1_72' title='bbox 200 1891 207 1898; x_wconf 89' lang='lat'><strong>.</strong></span> <span class='ocrx_word' id='word_1_73' title='bbox 232 1865 325 1896; x_wconf 71' lang='lat' dir='ltr'>Felix</span> <span class='ocrx_word' id='word_1_74' title='bbox 349 1861 535 1894; x_wconf 74' lang='lat' dir='ltr'>Hiberniam</span> 
     </span>
     <span class='ocr_line' id='line_1_32' title="bbox 278 1908 530 1948; baseline -0.02 -6"><span class='ocrx_word' id='word_1_75' title='bbox 278 1911 359 1942; x_wconf 81' lang='lat' dir='ltr'>Beat</span> <span class='ocrx_word' id='word_1_76' title='bbox 380 1908 530 1948; x_wconf 52' lang='lat' dir='ltr'>Lagenim</span> 
     </span>
    </p>

    <p class='ocr_par' dir='ltr' id='par_1_16' title="bbox 233 1954 598 2043">
     <span class='ocr_line' id='line_1_33' title="bbox 233 1954 568 1993; baseline -0.021 -3"><span class='ocrx_word' id='word_1_77' title='bbox 233 1958 384 1990; x_wconf 85' lang='lat' dir='ltr'>Declarat</span> <span class='ocrx_word' id='word_1_78' title='bbox 407 1954 568 1993; x_wconf 85' lang='lat' dir='ltr'>Brigidam</span> 
     </span>
     <span class='ocr_line' id='line_1_34' title="bbox 280 1999 598 2043; baseline -0.016 -6"><span class='ocrx_word' id='word_1_79' title='bbox 280 2004 418 2043; x_wconf 80' lang='lat' dir='ltr'>Gignens</span> <span class='ocrx_word' id='word_1_80' title='bbox 440 1999 598 2039; x_wconf 76' lang='lat' dir='ltr'>prosapia.</span> 
     </span>
    </p>

    <p class='ocr_par' dir='ltr' id='par_1_17' title="bbox 233 2046 557 2129">
     <span class='ocr_line' id='line_1_35' title="bbox 233 2046 543 2089; baseline -0.023 -6"><span class='ocrx_word' id='word_1_81' title='bbox 233 2051 282 2083; x_wconf 85' lang='lat' dir='ltr'>De</span> <span class='ocrx_word' id='word_1_82' title='bbox 308 2058 369 2089; x_wconf 81' lang='lat' dir='ltr'>qua</span> <span class='ocrx_word' id='word_1_83' title='bbox 392 2046 543 2080; x_wconf 82' lang='lat' dir='ltr'>laetitiam</span> 
     </span>
     <span class='ocr_line' id='line_1_36' title="bbox 281 2093 557 2129; baseline -0.018 0"><span class='ocrx_word' id='word_1_84' title='bbox 281 2097 389 2129; x_wconf 86' lang='lat' dir='ltr'>Sumat</span> <span class='ocrx_word' id='word_1_85' title='bbox 417 2093 557 2126; x_wconf 86' lang='lat' dir='ltr'>ecclesia.</span> 
     </span>
    </p>

    <p class='ocr_par' dir='ltr' id='par_1_18' title="bbox 199 2138 624 2222">
     <span class='ocr_line' id='line_1_37' title="bbox 199 2138 624 2183; baseline -0.021 -5"><span class='ocrx_word' id='word_1_86' title='bbox 199 2171 206 2177; x_wconf 96' lang='lat'>.</span> <span class='ocrx_word' id='word_1_87' title='bbox 232 2144 437 2183; x_wconf 83' lang='lat' dir='ltr'>Praesignant</span> <span class='ocrx_word' id='word_1_88' title='bbox 462 2138 624 2181; x_wconf 83' lang='lat' dir='ltr'>Brigidam</span> 
     </span>
     <span class='ocr_line' id='line_1_38' title="bbox 280 2186 560 2222; baseline -0.021 0"><span class='ocrx_word' id='word_1_89' title='bbox 280 2190 385 2222; x_wconf 78' lang='lat' dir='ltr'>Multa</span> <span class='ocrx_word' id='word_1_90' title='bbox 408 2186 560 2219; x_wconf 84' lang='lat' dir='ltr'>miracula</span> 
     </span>
    </p>

    <p class='ocr_par' dir='ltr' id='par_1_19' title="bbox 236 2234 571 2321">
     <span class='ocr_line' id='line_1_39' title="bbox 236 2234 571 2274; baseline -0.018 -4"><span class='ocrx_word' id='word_1_91' title='bbox 236 2239 389 2270; x_wconf 79' lang='lat' dir='ltr'>Futuram</span> <span class='ocrx_word' id='word_1_92' title='bbox 412 2234 571 2274; x_wconf 80' lang='lat' dir='ltr'>placidam</span> 
     </span>
     <span class='ocr_line' id='line_1_40' title="bbox 283 2282 552 2321; baseline -0.019 -5"><span class='ocrx_word' id='word_1_93' title='bbox 283 2282 418 2316; x_wconf 70' lang='lat' dir='ltr'>Coelesti</span> <span class='ocrx_word' id='word_1_94' title='bbox 442 2282 552 2321; x_wconf 77' lang='lat' dir='ltr'>gratia.</span> 
     </span>
    </p>
   </div>
   <div class='ocr_carea' id='block_1_14' title="bbox 681 72 911 107">
    <p class='ocr_par' dir='ltr' id='par_1_20' title="bbox 681 72 911 107">
     <span class='ocr_line' id='line_1_41' title="bbox 681 72 911 107; baseline -0.009 -10"><span class='ocrx_word' id='word_1_95' title='bbox 681 72 911 107; x_wconf 60' lang='lat' dir='ltr'>„gg-</span> 
     </span>
    </p>
   </div>
   <div class='ocr_carea' id='block_1_15' title="bbox 835 163 1230 200">
    <p class='ocr_par' dir='ltr' id='par_1_21' title="bbox 835 163 1230 200">
     <span class='ocr_line' id='line_1_42' title="bbox 835 163 1230 200; baseline -0.018 0"><span class='ocrx_word' id='word_1_96' title='bbox 835 167 865 200; x_wconf 80' lang='grc'>2.</span> <span class='ocrx_word' id='word_1_97' title='bbox 891 166 981 197; x_wconf 85' lang='lat' dir='ltr'>Hanc</span> <span class='ocrx_word' id='word_1_98' title='bbox 1006 165 1045 196; x_wconf 86' lang='lat' dir='ltr'>de</span> <span class='ocrx_word' id='word_1_99' title='bbox 1068 163 1230 195; x_wconf 83' lang='lat' dir='ltr'>Britannia</span> 
     </span>
    </p>
   </div>
   <div class='ocr_carea' id='block_1_16' title="bbox 827 863 866 897">
    <p class='ocr_par' dir='ltr' id='par_1_22' title="bbox 827 863 866 897">
     <span class='ocr_line' id='line_1_43' title="bbox 827 863 866 897; baseline 0.077 -3"><span class='ocrx_word' id='word_1_100' title='bbox 827 863 866 897; x_wconf 81' lang='lat' dir='ltr'>V.</span> 
     </span>
    </p>
   </div>
   <div class='ocr_carea' id='block_1_17' title="bbox 890 209 1314 565">
    <p class='ocr_par' dir='ltr' id='par_1_23' title="bbox 890 209 1314 297">
     <span class='ocr_line' id='line_1_44' title="bbox 935 209 1314 249; baseline -0.016 -5"><span class='ocrx_word' id='word_1_101' title='bbox 935 210 1098 244; x_wconf 79' lang='lat' dir='ltr'>Praesules</span> <span class='ocrx_word' id='word_1_102' title='bbox 1122 209 1314 249; x_wconf 82' lang='lat' dir='ltr'>praedicant,</span> 
     </span>
     <span class='ocr_line' id='line_1_45' title="bbox 890 257 1109 297; baseline -0.009 -8"><span class='ocrx_word' id='word_1_103' title='bbox 890 258 969 297; x_wconf 79' lang='lat' dir='ltr'>Ejus</span> <span class='ocrx_word' id='word_1_104' title='bbox 992 257 1109 288; x_wconf 83' lang='lat' dir='ltr'>natalia</span> 
     </span>
    </p>

    <p class='ocr_par' dir='ltr' id='par_1_24' title="bbox 891 301 1252 381">
     <span class='ocr_line' id='line_1_46' title="bbox 936 301 1252 343; baseline -0.006 -9"><span class='ocrx_word' id='word_1_105' title='bbox 936 303 1023 343; x_wconf 82' lang='lat' dir='ltr'>Magi</span> <span class='ocrx_word' id='word_1_106' title='bbox 1045 301 1252 341; x_wconf 80' lang='lat' dir='ltr'>magnificant,</span> 
     </span>
     <span class='ocr_line' id='line_1_47' title="bbox 891 348 1169 381; baseline -0.011 0"><span class='ocrx_word' id='word_1_107' title='bbox 891 350 983 381; x_wconf 84' lang='lat' dir='ltr'>Hanc</span> <span class='ocrx_word' id='word_1_108' title='bbox 1005 348 1169 381; x_wconf 85' lang='lat' dir='ltr'>luminaria</span> 
     </span>
    </p>

    <p class='ocr_par' dir='ltr' id='par_1_25' title="bbox 890 394 1290 527">
     <span class='ocr_line' id='line_1_48' title="bbox 938 394 1290 434; baseline -0.011 -7"><span class='ocrx_word' id='word_1_109' title='bbox 938 395 1024 427; x_wconf 84' lang='lat' dir='ltr'>Coeli</span> <span class='ocrx_word' id='word_1_110' title='bbox 1047 394 1290 434; x_wconf 70' lang='lat' dir='ltr'>prognosticam.</span> 
     </span>
     <span class='ocr_line' id='line_1_49' title="bbox 890 441 1244 480; baseline -0.011 -6"><span class='ocrx_word' id='word_1_111' title='bbox 890 442 972 474; x_wconf 73' lang='lat' dir='ltr'>Nam</span> <span class='ocrx_word' id='word_1_112' title='bbox 995 441 1103 480; x_wconf 83' lang='lat' dir='ltr'>globus</span> <span class='ocrx_word' id='word_1_113' title='bbox 1127 441 1244 479; x_wconf 83' lang='lat' dir='ltr'>igneus,</span> 
     </span>
     <span class='ocr_line' id='line_1_50' title="bbox 893 486 1234 527; baseline -0.006 -9"><span class='ocrx_word' id='word_1_114' title='bbox 893 487 1049 527; x_wconf 83' lang='lat' dir='ltr'>Splendor</span> <span class='ocrx_word' id='word_1_115' title='bbox 1073 486 1234 517; x_wconf 83' lang='lat' dir='ltr'>aethereus</span> 
     </span>
    </p>

    <p class='ocr_par' dir='ltr' id='par_1_26' title="bbox 938 531 1277 565">
     <span class='ocr_line' id='line_1_51' title="bbox 938 531 1277 565; baseline 0 -1"><span class='ocrx_word' id='word_1_116' title='bbox 938 533 1082 565; x_wconf 74' lang='lat' dir='ltr'>Sanctam</span> <span class='ocrx_word' id='word_1_117' title='bbox 1107 531 1277 564; x_wconf 83' lang='lat' dir='ltr'>notificant.</span> 
     </span>
    </p>
   </div>
   <div class='ocr_carea' id='block_1_18' title="bbox 862 587 1167 621">
    <p class='ocr_par' dir='ltr' id='par_1_27' title="bbox 862 587 1167 621">
     <span class='ocr_line' id='line_1_52' title="bbox 862 587 1167 621; baseline -0.013 0"><span class='ocrx_word' id='word_1_118' title='bbox 862 614 870 621; x_wconf 88' lang='lat'>.</span> <span class='ocrx_word' id='word_1_119' title='bbox 896 589 933 621; x_wconf 88' lang='lat' dir='ltr'>In</span> <span class='ocrx_word' id='word_1_120' title='bbox 957 588 1037 620; x_wconf 86' lang='lat' dir='ltr'>albis</span> <span class='ocrx_word' id='word_1_121' title='bbox 1063 587 1167 618; x_wconf 87' lang='lat' dir='ltr'>clerici</span> 
     </span>
    </p>
   </div>
   <div class='ocr_carea' id='block_1_19' title="bbox 891 633 1300 991">
    <p class='ocr_par' dir='ltr' id='par_1_28' title="bbox 891 633 1300 991">
     <span class='ocr_line' id='line_1_53' title="bbox 893 633 1173 665; baseline -0.007 0"><span class='ocrx_word' id='word_1_122' title='bbox 893 633 1039 665; x_wconf 73' lang='lat' dir='ltr'>Vestibus</span> <span class='ocrx_word' id='word_1_123' title='bbox 1065 633 1173 664; x_wconf 86' lang='lat' dir='ltr'>coelici</span> 
     </span>
     <span class='ocr_line' id='line_1_54' title="bbox 939 678 1281 717; baseline -0.009 -6"><span class='ocrx_word' id='word_1_124' title='bbox 939 680 1055 711; x_wconf 78' lang='lat' dir='ltr'>Natam</span> <span class='ocrx_word' id='word_1_125' title='bbox 1077 678 1281 717; x_wconf 82' lang='lat' dir='ltr'>sanctificant,</span> 
     </span>
     <span class='ocr_line' id='line_1_55' title="bbox 892 724 1219 764; baseline -0.009 -8"><span class='ocrx_word' id='word_1_126' title='bbox 892 725 991 764; x_wconf 75' lang='lat' dir='ltr'>Aquis</span> <span class='ocrx_word' id='word_1_127' title='bbox 1014 724 1219 763; x_wconf 78' lang='lat' dir='ltr'>baptismatis,</span> 
     </span>
     <span class='ocr_line' id='line_1_56' title="bbox 893 769 1228 810; baseline -0.009 -8"><span class='ocrx_word' id='word_1_128' title='bbox 893 770 1030 810; x_wconf 84' lang='lat' dir='ltr'>Liquore</span> <span class='ocrx_word' id='word_1_129' title='bbox 1054 769 1228 800; x_wconf 79' lang='lat' dir='ltr'>chrismatis</span> 
     </span>
     <span class='ocr_line' id='line_1_57' title="bbox 937 814 1300 854; baseline -0.011 -6"><span class='ocrx_word' id='word_1_130' title='bbox 937 816 1030 848; x_wconf 83' lang='lat' dir='ltr'>Hanc</span> <span class='ocrx_word' id='word_1_131' title='bbox 1052 815 1119 846; x_wconf 86' lang='lat' dir='ltr'>Deo</span> <span class='ocrx_word' id='word_1_132' title='bbox 1146 814 1300 854; x_wconf 60' lang='lat' dir='ltr'>dedicant,</span> 
     </span>
     <span class='ocr_line' id='line_1_58' title="bbox 891 860 1294 895; baseline -0.01 -1"><span class='ocrx_word' id='word_1_133' title='bbox 891 863 966 895; x_wconf 86' lang='lat' dir='ltr'>Post</span> <span class='ocrx_word' id='word_1_134' title='bbox 990 864 1107 892; x_wconf 86' lang='lat' dir='ltr'>vestem</span> <span class='ocrx_word' id='word_1_135' title='bbox 1130 860 1294 892; x_wconf 82' lang='lat' dir='ltr'>candidam</span> 
     </span>
     <span class='ocr_line' id='line_1_59' title="bbox 894 906 1229 946; baseline -0.012 -6"><span class='ocrx_word' id='word_1_136' title='bbox 894 907 1045 940; x_wconf 85' lang='lat' dir='ltr'>Collatam</span> <span class='ocrx_word' id='word_1_137' title='bbox 1068 906 1229 946; x_wconf 82' lang='lat' dir='ltr'>Brigidam</span> 
     </span>
     <span class='ocr_line' id='line_1_60' title="bbox 940 950 1299 991; baseline -0.008 -6"><span class='ocrx_word' id='word_1_138' title='bbox 940 954 1085 986; x_wconf 79' lang='lat' dir='ltr'>Sanctam</span> <span class='ocrx_word' id='word_1_139' title='bbox 1110 950 1299 991; x_wconf 77' lang='lat' dir='ltr'>specificam.</span> 
     </span>
    </p>
   </div>
   <div class='ocr_carea' id='block_1_20' title="bbox 960 1067 1312 1101">
    <p class='ocr_par' dir='ltr' id='par_1_29' title="bbox 960 1067 1312 1101">
     <span class='ocr_line' id='line_1_61' title="bbox 960 1067 1312 1101; baseline -0.009 -1"><span class='ocrx_word' id='word_1_140' title='bbox 960 1069 1005 1100; x_wconf 84' lang='lat' dir='ltr'>ln</span> <span class='ocrx_word' id='word_1_141' title='bbox 1030 1069 1062 1101; x_wconf 79' lang='lat'>2.</span> <span class='ocrx_word' id='word_1_142' title='bbox 1086 1067 1312 1098; x_wconf 79' lang='lat' dir='ltr'>Nocturno.</span> 
     </span>
    </p>
   </div>
   <div class='ocr_carea' id='block_1_21' title="bbox 1039 1130 1222 1166">
    <p class='ocr_par' dir='ltr' id='par_1_30' title="bbox 1039 1130 1222 1166">
     <span class='ocr_line' id='line_1_62' title="bbox 1039 1130 1222 1166; baseline -0.011 -8"><span class='ocrx_word' id='word_1_143' title='bbox 1039 1130 1222 1166; x_wconf 85' lang='lat' dir='ltr'>Antiphonae</span> 
     </span>
    </p>
   </div>
   <div class='ocr_carea' id='block_1_22' title="bbox 863 1191 1284 1232">
    <p class='ocr_par' dir='ltr' id='par_1_31' title="bbox 863 1191 1284 1232">
     <span class='ocr_line' id='line_1_63' title="bbox 863 1191 1284 1232; baseline -0.014 -5"><span class='ocrx_word' id='word_1_144' title='bbox 863 1220 870 1227; x_wconf 90' lang='lat'>.</span> <span class='ocrx_word' id='word_1_145' title='bbox 896 1194 982 1225; x_wconf 84' lang='lat' dir='ltr'>Fusa</span> <span class='ocrx_word' id='word_1_146' title='bbox 1004 1201 1099 1232; x_wconf 81' lang='lat' dir='ltr'>super</span> <span class='ocrx_word' id='word_1_147' title='bbox 1122 1191 1284 1231; x_wconf 80' lang='lat' dir='ltr'>parvulam</span> 
     </span>
    </p>
   </div>
   <div class='ocr_carea' id='block_1_23' title="bbox 895 1238 1364 1370">
    <p class='ocr_par' dir='ltr' id='par_1_32' title="bbox 895 1238 1364 1370">
     <span class='ocr_line' id='line_1_64' title="bbox 945 1238 1220 1271; baseline -0.011 0"><span class='ocrx_word' id='word_1_148' title='bbox 945 1238 1054 1271; x_wconf 80' lang='lat' dir='ltr'>Gratia</span> <span class='ocrx_word' id='word_1_149' title='bbox 1079 1238 1220 1269; x_wconf 82' lang='lat' dir='ltr'>coelestis</span> 
     </span>
     <span class='ocr_line' id='line_1_65' title="bbox 895 1281 1364 1317; baseline -0.009 0"><span class='ocrx_word' id='word_1_150' title='bbox 895 1285 1053 1317; x_wconf 78' lang='lat' dir='ltr'>Monstrat</span> <span class='ocrx_word' id='word_1_151' title='bbox 1080 1283 1194 1315; x_wconf 79' lang='lat' dir='ltr'>Christi</span> <span class='ocrx_word' id='word_1_152' title='bbox 1219 1281 1364 1314; x_wconf 78' lang='lat' dir='ltr'>famulam</span> 
     </span>
     <span class='ocr_line' id='line_1_66' title="bbox 945 1328 1254 1370; baseline 0 -9"><span class='ocrx_word' id='word_1_153' title='bbox 945 1331 1046 1370; x_wconf 85' lang='lat' dir='ltr'>Signis</span> <span class='ocrx_word' id='word_1_154' title='bbox 1071 1328 1254 1361; x_wconf 85' lang='lat' dir='ltr'>manifestis.</span> 
     </span>
    </p>
   </div>
   <div class='ocr_carea' id='block_1_24' title="bbox 867 1384 1297 1420">
    <p class='ocr_par' dir='ltr' id='par_1_33' title="bbox 867 1384 1297 1420">
     <span class='ocr_line' id='line_1_67' title="bbox 867 1384 1297 1420; baseline -0.014 0"><span class='ocrx_word' id='word_1_155' title='bbox 867 1413 875 1420; x_wconf 82' lang='lat'><em>.</em></span> <span class='ocrx_word' id='word_1_156' title='bbox 898 1387 1024 1418; x_wconf 87' lang='lat' dir='ltr'>Ardens</span> <span class='ocrx_word' id='word_1_157' title='bbox 1048 1385 1150 1416; x_wconf 86' lang='lat' dir='ltr'>velum</span> <span class='ocrx_word' id='word_1_158' title='bbox 1174 1384 1297 1415; x_wconf 84' lang='lat' dir='ltr'>niveum</span> 
     </span>
    </p>
   </div>
   <div class='ocr_carea' id='block_1_25' title="bbox 899 1430 1300 1750">
    <p class='ocr_par' dir='ltr' id='par_1_34' title="bbox 899 1430 1300 1517">
     <span class='ocr_line' id='line_1_68' title="bbox 944 1430 1261 1470; baseline -0.009 -7"><span class='ocrx_word' id='word_1_159' title='bbox 944 1431 1053 1463; x_wconf 80' lang='lat' dir='ltr'>Multis</span> <span class='ocrx_word' id='word_1_160' title='bbox 1077 1430 1261 1470; x_wconf 71' lang='lat' dir='ltr'>apparebat,</span> 
     </span>
     <span class='ocr_line' id='line_1_69' title="bbox 899 1477 1300 1517; baseline -0.007 -8"><span class='ocrx_word' id='word_1_161' title='bbox 899 1478 988 1517; x_wconf 82' lang='lat' dir='ltr'>Quod</span> <span class='ocrx_word' id='word_1_162' title='bbox 1012 1479 1105 1517; x_wconf 81' lang='lat' dir='ltr'>eaput</span> <span class='ocrx_word' id='word_1_163' title='bbox 1127 1477 1300 1515; x_wconf 72' lang='lat' dir='ltr'>virgineum</span> 
     </span>
    </p>

    <p class='ocr_par' dir='ltr' id='par_1_35' title="bbox 899 1522 1261 1750">
     <span class='ocr_line' id='line_1_70' title="bbox 945 1522 1254 1562; baseline -0.003 -7"><span class='ocrx_word' id='word_1_164' title='bbox 945 1524 983 1556; x_wconf 80' lang='lat' dir='ltr'>ln</span> <span class='ocrx_word' id='word_1_165' title='bbox 1008 1524 1095 1555; x_wconf 81' lang='lat' dir='ltr'>cunis</span> <span class='ocrx_word' id='word_1_166' title='bbox 1118 1522 1254 1562; x_wconf 82' lang='lat' dir='ltr'>tegebat.</span> 
     </span>
     <span class='ocr_line' id='line_1_71' title="bbox 901 1579 1257 1613; baseline -0.014 0"><span class='ocrx_word' id='word_1_167' title='bbox 901 1579 1026 1613; x_wconf 82' lang='lat' dir='ltr'>Candor</span> <span class='ocrx_word' id='word_1_168' title='bbox 1048 1579 1110 1610; x_wconf 81' lang='lat' dir='ltr'>veli</span> <span class='ocrx_word' id='word_1_169' title='bbox 1135 1579 1257 1609; x_wconf 75' lang='lat' dir='ltr'>niveam</span> 
     </span>
     <span class='ocr_line' id='line_1_72' title="bbox 947 1625 1261 1657; baseline -0.01 0"><span class='ocrx_word' id='word_1_170' title='bbox 947 1626 1055 1657; x_wconf 87' lang='lat' dir='ltr'>Carnis</span> <span class='ocrx_word' id='word_1_171' title='bbox 1079 1625 1261 1656; x_wconf 80' lang='lat' dir='ltr'>castitatem.</span> 
     </span>
     <span class='ocr_line' id='line_1_73' title="bbox 899 1671 1260 1711; baseline -0.011 -6"><span class='ocrx_word' id='word_1_172' title='bbox 899 1672 1116 1711; x_wconf 78' lang='lat' dir='ltr'>Praesignavit</span> <span class='ocrx_word' id='word_1_173' title='bbox 1138 1671 1260 1710; x_wconf 85' lang='lat' dir='ltr'>igneam</span> 
     </span>
     <span class='ocr_line' id='line_1_74' title="bbox 945 1718 1246 1750; baseline -0.01 -1"><span class='ocrx_word' id='word_1_174' title='bbox 945 1718 1052 1750; x_wconf 83' lang='lat' dir='ltr'>Ardor</span> <span class='ocrx_word' id='word_1_175' title='bbox 1076 1719 1246 1749; x_wconf 85' lang='lat' dir='ltr'>caritatem.</span> 
     </span>
    </p>
   </div>
   <div class='ocr_carea' id='block_1_26' title="bbox 1040 1799 1242 1833">
    <p class='ocr_par' dir='ltr' id='par_1_36' title="bbox 1040 1799 1242 1833">
     <span class='ocr_line' id='line_1_75' title="bbox 1040 1799 1242 1833; baseline -0.015 -7"><span class='ocrx_word' id='word_1_176' title='bbox 1040 1800 1081 1826; x_wconf 82' lang='lat' dir='ltr'>Re</span> <span class='ocrx_word' id='word_1_177' title='bbox 1089 1799 1242 1833; x_wconf 69' lang='lat' dir='ltr'>sponsuria.</span> 
     </span>
    </p>
   </div>
   <div class='ocr_carea' id='block_1_27' title="bbox 901 1853 1297 2126">
    <p class='ocr_par' dir='ltr' id='par_1_37' title="bbox 903 1853 1295 1932">
     <span class='ocr_line' id='line_1_76' title="bbox 903 1853 1295 1893; baseline -0.013 -6"><span class='ocrx_word' id='word_1_178' title='bbox 903 1856 1010 1893; x_wconf 78' lang='lat' dir='ltr'>Lacte,</span> <span class='ocrx_word' id='word_1_179' title='bbox 1035 1853 1119 1893; x_wconf 77' lang='lat' dir='ltr'>quod</span> <span class='ocrx_word' id='word_1_180' title='bbox 1142 1853 1295 1893; x_wconf 81' lang='lat' dir='ltr'>premitur</span> 
     </span>
     <span class='ocr_line' id='line_1_77' title="bbox 947 1899 1284 1932; baseline -0.006 0"><span class='ocrx_word' id='word_1_181' title='bbox 947 1901 996 1932; x_wconf 87' lang='lat' dir='ltr'>De</span> <span class='ocrx_word' id='word_1_182' title='bbox 1021 1908 1116 1931; x_wconf 76' lang='lat' dir='ltr'>vacca</span> <span class='ocrx_word' id='word_1_183' title='bbox 1139 1899 1284 1931; x_wconf 82' lang='lat' dir='ltr'>candida.</span> 
     </span>
    </p>

    <p class='ocr_par' dir='ltr' id='par_1_38' title="bbox 901 1944 1297 2032">
     <span class='ocr_line' id='line_1_78' title="bbox 901 1944 1297 1980; baseline -0.013 0"><span class='ocrx_word' id='word_1_184' title='bbox 901 1949 965 1980; x_wconf 82' lang='lat' dir='ltr'>Per</span> <span class='ocrx_word' id='word_1_185' title='bbox 987 1949 1126 1978; x_wconf 80' lang='lat' dir='ltr'>sanctam</span> <span class='ocrx_word' id='word_1_186' title='bbox 1150 1944 1297 1977; x_wconf 77' lang='lat' dir='ltr'>feminam</span> 
     </span>
     <span class='ocr_line' id='line_1_79' title="bbox 950 1992 1241 2032; baseline -0.01 -6"><span class='ocrx_word' id='word_1_187' title='bbox 950 1992 1080 2026; x_wconf 85' lang='lat' dir='ltr'>Cibatur</span> <span class='ocrx_word' id='word_1_188' title='bbox 1102 1992 1241 2032; x_wconf 77' lang='lat' dir='ltr'>Brigida,</span> 
     </span>
    </p>

    <p class='ocr_par' dir='ltr' id='par_1_39' title="bbox 903 2039 1147 2079">
     <span class='ocr_line' id='line_1_80' title="bbox 903 2039 1147 2079; baseline -0.012 -7"><span class='ocrx_word' id='word_1_189' title='bbox 903 2040 1018 2079; x_wconf 84' lang='lat' dir='ltr'>Rejicit</span> <span class='ocrx_word' id='word_1_190' title='bbox 1044 2039 1147 2071; x_wconf 84' lang='lat' dir='ltr'>omnia</span> 
     </span>
    </p>

    <p class='ocr_par' dir='ltr' id='par_1_40' title="bbox 903 2085 1137 2126">
     <span class='ocr_line' id='line_1_81' title="bbox 903 2085 1137 2126; baseline -0.009 -8"><span class='ocrx_word' id='word_1_191' title='bbox 903 2088 989 2126; x_wconf 79' lang='lat' dir='ltr'>Magi</span> <span class='ocrx_word' id='word_1_192' title='bbox 1012 2085 1137 2118; x_wconf 83' lang='lat' dir='ltr'>cibaria.</span> 
     </span>
    </p>
   </div>
   <div class='ocr_carea' id='block_1_28' title="bbox 869 2131 1241 2172">
    <p class='ocr_par' dir='ltr' id='par_1_41' title="bbox 869 2131 1241 2172">
     <span class='ocr_line' id='line_1_82' title="bbox 869 2131 1241 2172; baseline -0.011 -5"><span class='ocrx_word' id='word_1_193' title='bbox 869 2160 876 2167; x_wconf 94' lang='lat'>.</span> <span class='ocrx_word' id='word_1_194' title='bbox 903 2134 996 2165; x_wconf 83' lang='lat' dir='ltr'>Lucis</span> <span class='ocrx_word' id='word_1_195' title='bbox 1020 2133 1062 2164; x_wconf 86' lang='lat' dir='ltr'>ad</span> <span class='ocrx_word' id='word_1_196' title='bbox 1086 2131 1241 2172; x_wconf 82' lang='lat' dir='ltr'>tenebras,</span> 
     </span>
    </p>
   </div>
   <div class='ocr_carea' id='block_1_29' title="bbox 905 2178 1304 2353">
    <p class='ocr_par' dir='ltr' id='par_1_42' title="bbox 905 2178 1304 2353">
     <span class='ocr_line' id='line_1_83' title="bbox 951 2178 1304 2212; baseline -0.008 0"><span class='ocrx_word' id='word_1_197' title='bbox 951 2180 1031 2212; x_wconf 89' lang='lat' dir='ltr'>Cum</span> <span class='ocrx_word' id='word_1_198' title='bbox 1054 2178 1116 2210; x_wconf 86' lang='lat' dir='ltr'>sint</span> <span class='ocrx_word' id='word_1_199' title='bbox 1140 2179 1304 2211; x_wconf 86' lang='lat' dir='ltr'>contraria.</span> 
     </span>
     <span class='ocr_line' id='line_1_84' title="bbox 905 2225 1197 2265; baseline -0.007 -7"><span class='ocrx_word' id='word_1_200' title='bbox 905 2226 978 2259; x_wconf 81' lang='lat' dir='ltr'>Non</span> <span class='ocrx_word' id='word_1_201' title='bbox 1002 2229 1070 2258; x_wconf 85' lang='lat' dir='ltr'>erat</span> <span class='ocrx_word' id='word_1_202' title='bbox 1092 2225 1197 2265; x_wconf 85' lang='lat' dir='ltr'>aliqua</span> 
     </span>
     <span class='ocr_line' id='line_1_85' title="bbox 951 2271 1175 2306; baseline 0.004 -1"><span class='ocrx_word' id='word_1_203' title='bbox 951 2271 1175 2306; x_wconf 79' lang='lat' dir='ltr'>convenientia.</span> 
     </span>
     <span class='ocr_line' id='line_1_86' title="bbox 1242 2325 1283 2353; baseline 0 -12"><span class='ocrx_word' id='word_1_204' title='bbox 1242 2325 1283 2353; x_wconf 61' lang='lat'>6*</span> 
     </span>
    </p>
   </div>
  </div>
 </body>
</html>
