1656 2491
761 103 985 136 —44-

364 196 407 227 In
434 197 463 228 1.
489 196 709 227 Nocturno.

445 264 633 298 Antiphonae.

302 330 458 360 Ansuerus
481 329 514 359 in
538 328 664 359 consilio

346 373 417 405 Non
441 374 518 404 abiit
540 381 715 412 pravorum,

301 420 494 457 Quapropter
515 427 596 449 nunc
620 418 746 457 collegio

344 463 479 494 Sortitur
502 463 671 495 beatorum.

301 536 362 568 Cur
383 535 415 565 in
440 535 709 569 sanctosDomini

344 580 457 611 Gentes
483 580 681 620 fremuerunt,

299 628 378 664 Quos
402 635 478 657 nece
500 627 592 658 valde
615 626 712 658 flebili

340 671 504 703 Flebiliter
528 672 727 704 straverunt?

295 746 488 783 Invocantes,
513 745 653 784 Domine,

340 789 468 821 Sanctos
493 792 655 830 exaudisti,

296 837 377 874 Quos
400 836 433 866 in
457 839 508 867 tuo
532 837 654 868 nomine

338 881 407 911 Pati
430 882 563 914 voluisti.

432 976 552 1011 Respon:
558 978 630 1003 :oria-

296 1041 454 1071 Ansuerus
478 1041 597 1079 sprevit
618 1042 750 1073 scoriam

339 1085 495 1116 Terrenae
520 1086 688 1125 dignitatis,

293 1131 337 1162 Ut
359 1134 523 1169 usurparet
545 1132 674 1170 gloriam

339 1175 487 1206 Coelestis
514 1178 656 1217 civitatis,

293 1221 466 1259 Dei-eliquit
489 1223 621 1260 patriam

335 1267 510 1298 Juventutis
534 1266 618 1300 flore.

289 1312 394 1351 Eleyit
425 1313 563 1351 abjectus
595 1323 658 1345 esse
680 1314 717 1345 in
741 1315 830 1346 domo

289 1357 353 1388 Dei
375 1358 427 1388 sui
440 1359 551 1398 magis,
577 1368 674 1398 quam
689 1360 831 1391 habitare

293 1403 324 1433 ior
350 1403 558 1435 tabernaculis
575 1408 787 1443 peccatorum.

290 1476 335 1508 Ut
357 1484 428 1506 rosa
452 1477 501 1507 vel
524 1477 621 1507 lilium

289 1522 449 1560 Constipat
473 1523 663 1561 viridarium,

334 1566 386 1597 Sic
407 1568 529 1606 aequali
552 1567 653 1600 forma

289 1614 349 1645 Per
373 1613 507 1644 Oswaldi
530 1612 626 1644 filium

287 1658 427 1690 Fulcitur
450 1660 667 1691 monasterium

333 1703 395 1734 Sub
420 1704 579 1735 Benedicti
604 1715 720 1738 norma.

221 1750 258 1781 V.
282 1751 372 1782 Siout
402 1750 540 1781 novellae
563 1751 780 1790 plantationes
804 1762 826 1784 α

230 1871 260 1901 3.

280 1796 442 1835 juventute
464 1805 534 1830 sua.

287 1869 355 1908 Eja,
381 1869 508 1909 Rachel,
534 1879 648 1909 sponsa
672 1871 796 1912 Christi,

330 1914 471 1946 Militans
496 1917 635 1956 ecclesia,

286 1961 368 1998 Quae
391 1963 439 1991 tot
461 1962 564 1999 proles
589 1963 726 2003 edidisti,

330 2005 410 2043 Quot
433 2007 473 2037 ad
499 2008 576 2038 00011
600 2009 712 2047 gaudia

285 2052 412 2083 Animas
437 2055 471 2083 tu
494 2054 680 2086 transtulisti

329 2097 390 2128 Per
411 2100 633 2130 tormentorum
656 2109 778 2142 genera,

284 2144 416 2182 Quorum
441 2153 531 2175 neces
555 2148 589 2176 tu
611 2144 726 2178 flevisti

327 2190 389 2222 Per
412 2193 519 2222 sancta
544 2192 708 2232 desideria,

282 2235 361 2267 Filii
398 2236 447 2268 tut
481 2237 562 2269 siout
592 2239 732 2272 novellae
766 2240 822 2272 oli-

280 2291 396 2314 varum
410 2282 444 2313 in
459 2283 592 2316 circuitu
601 2294 729 2318 mensae
739 2289 823 2319 tuae.

1024 194 1070 224 In
1096 195 1125 224 2.
1152 193 1376 225 Nocturno.

1105 256 1295 291 Antiphonae.

906 317 936 349 1.
962 318 1069 349 Bonae
1092 316 1258 348 voluntatis
1283 320 1369 348 scuto

1006 362 1179 400 Coronasti,
1204 362 1346 401 Domine,

961 409 1042 447 Quos
1068 416 1106 438 ex
1129 408 1219 446 hujus
1243 408 1352 439 mundi
1375 409 1439 439 luto

1004 453 1181 484 Extraxisti
1204 454 1306 485 hodie.

903 510 933 540 2.
959 509 1010 540 Ex
1034 516 1088 539 ore
1110 508 1294 546 patientium

1005 553 1071 592 Vis,
1099 553 1232 592 Christe,
1260 554 1441 593 collaudari,

958 599 1003 631 Ut
1026 599 1125 629 virtus
1148 599 1357 629 innocentium

1003 644 1105 675 Possit
1131 643 1336 683 comprobari.

900 702 930 733 3.
956 700 994 731 1n
1016 699 1078 731 Dei
1102 699 1302 730 tabernaculo

1000 745 1133 776 Habitat
1154 745 1325 784 Ansuerus,

955 791 1011 830 Qui
1036 791 1068 821 in
1094 791 1255 822 Slavorum
1279 792 1393 829 populo

1001 836 1076 867 Fuit
1100 837 1209 867 doctor
1230 845 1332 869 veruS.

1093 927 1294 962 Responsoria.

900 988 929 1020 1.
956 988 992 1019 In
1016 990 1138 1026 patrem
1163 988 1235 1019 dum
1260 988 1392 1028 elegitur

1000 1034 1170 1072 AnsueruS,
1198 1034 1247 1064 vir
1272 1034 1435 1074 discretus,

954 1079 1004 1110 Ex
1028 1079 1087 1109 hoc
1109 1088 1170 1109 non
1196 1079 1325 1119 erigitur

998 1124 1036 1155 In
1060 1124 1154 1155 corde
1178 1125 1234 1155 sed
1255 1128 1432 1157 mansuetus

952 1171 991 1202 In
1015 1170 1140 1208 pietatis
1166 1179 1261 1208 opere

998 1216 1174 1247 Permansit.
1196 1215 1382 1256 indefessus,

952 1261 1040 1300 Quod
1065 1261 1170 1292 docuit
1193 1271 1386 1301 summopere

997 1307 1087 1346 Aliis,
1115 1310 1162 1337 est
1182 1316 1354 1347 aggressus.

886 1353 923 1384 V.
950 1352 1014 1384 Hic
1047 1353 1177 1391 accipiet
1206 1353 1451 1386 benedictionem
1475 1364 1496 1386 α

948 1398 1089 1430 Domino
1127 1401 1154 1429 et
1186 1399 1440 1432 ‘misericordiam
1475 1410 1495 1432 α

954 1444 1022 1475 Deo
1046 1443 1184 1475 salutari
1204 1453 1271 1477 suo.

884 1499 914 1530 2.
941 1499 965 1530 O
990 1499 1191 1529 sacratissimi
1221 1502 1375 1532 amatores

945 1544 1107 1575 Trinitatis
1134 1544 1271 1584 deificae,

947 1590 1107 1621 Abraham
1130 1590 1163 1621 in
1187 1592 1300 1623 montis
1325 1593 1433 1624 radice

948 1636 1025 1667 Tres
1073 1636 1156 1667 viros
1203 1636 1285 1669 vidit
1328 1641 1360 1670 et
1398 1648 1492 1671 unum

1270 1684 1424 1725 adoravit,

948 1727 1000 1759 Sic
1022 1726 1182 1759 Ansuerus
1207 1737 1244 1759 ex
1268 1739 1329 1761 uno
1354 1739 1409 1762 ore

946 1773 1024 1804 Tres
1048 1771 1138 1804 simul
1164 1777 1194 1804 et
1217 1776 1312 1806 semel

945 1818 1060 1850 Emisit
1083 1819 1242 1852 melodias.

881 1863 918 1896 V.
945 1864 1110 1896 Abraham
1143 1866 1222 1898 vidit
1254 1870 1315 1899 tres
1345 1869 1430 1901 viros
1464 1874 1491 1902 et

945 1920 1047 1943 ‘unum
1069 1911 1223 1944 adoravit.

891 1968 921 1999 3.
948 1967 1035 1999 Sicut
1057 1974 1119 1997 non
1143 1969 1248 2005 potest
1272 1969 1380 2001 civitas

992 2012 1028 2042 In
1052 2013 1207 2044 montibus
1232 2015 1337 2056 celari,

946 2058 997 2090 Sic
1021 2060 1053 2088 et
1075 2059 1182 2097 nequit
1205 2062 1354 2093 sanctitas

991 2103 1028 2135 In
1052 2105 1167 2136 sanctis
1193 2107 1352 2140 occultari.

944 2151 1013 2182 Hoc
1036 2150 1069 2181 in
1092 2152 1235 2184 Ansuero
1259 2154 1409 2192 panditur

990 2195 1103 2228 Sancto
1128 2197 1328 2240 sufficienter,

948 2241 1005 2276 Oui
1031 2243 1071 2274 de
1094 2245 1179 2276 coelo
1203 2246 1338 2278 mittitur

991 2289 1089 2329 Virga
1111 2299 1172 2322 non
1197 2292 1332 2326 latenter
