<?xml version="1.0" encoding="UTF-8"?>
<!DOCTYPE html PUBLIC "-//W3C//DTD XHTML 1.0 Transitional//EN"
    "http://www.w3.org/TR/xhtml1/DTD/xhtml1-transitional.dtd">
<html xmlns="http://www.w3.org/1999/xhtml" xml:lang="en" lang="en">
 <head>
  <title>
</title>
<meta http-equiv="Content-Type" content="text/html;charset=utf-8" />
  <meta name='ocr-system' content='tesseract 3.04.00' />
  <meta name='ocr-capabilities' content='ocr_page ocr_carea ocr_par ocr_line ocrx_word'/>
</head>
<body>
  <div class='ocr_page' id='page_1' title='image "./analectahymnica13drevuoft_00075.png"; bbox 0 0 1656 2491; ppageno 0'>
   <div class='ocr_carea' id='block_1_1' title="bbox 747 60 971 94">
    <p class='ocr_par' dir='ltr' id='par_1_1' title="bbox 747 60 971 94">
     <span class='ocr_line' id='line_1_1' title="bbox 747 60 971 94; baseline -0.004 -10"><span class='ocrx_word' id='word_1_1' title='bbox 747 60 971 94; x_wconf 64' lang='lat'>-72—</span> 
     </span>
    </p>
   </div>
   <div class='ocr_carea' id='block_1_2' title="bbox 225 149 1498 296">
    <p class='ocr_par' dir='ltr' id='par_1_2' title="bbox 225 149 1498 296">
     <span class='ocr_line' id='line_1_2' title="bbox 226 149 1497 187; baseline -0.002 -9"><span class='ocrx_word' id='word_1_2' title='bbox 226 151 433 187; x_wconf 80' lang='lat' dir='ltr'>archiepiscopi</span> <span class='ocrx_word' id='word_1_3' title='bbox 454 156 482 180; x_wconf 84' lang='lat' dir='ltr'>et</span> <span class='ocrx_word' id='word_1_4' title='bbox 501 153 536 179; x_wconf 88' lang='lat' dir='ltr'>ab</span> <span class='ocrx_word' id='word_1_5' title='bbox 557 154 630 184; x_wconf 75' lang='lat' dir='ltr'>aliiS,</span> <span class='ocrx_word' id='word_1_6' title='bbox 653 154 702 187; x_wconf 83' lang='lat' dir='ltr'>qui</span> <span class='ocrx_word' id='word_1_7' title='bbox 723 160 786 178; x_wconf 86' lang='lat' dir='ltr'>eum</span> <span class='ocrx_word' id='word_1_8' title='bbox 805 151 939 177; x_wconf 69' lang='lat' dir='ltr'>viderunt</span> <span class='ocrx_word' id='word_1_9' title='bbox 957 151 988 176; x_wconf 91' lang='lat' dir='ltr'>in</span> <span class='ocrx_word' id='word_1_10' title='bbox 1007 149 1129 177; x_wconf 82' lang='lat' dir='ltr'>ecclesia</span> <span class='ocrx_word' id='word_1_11' title='bbox 1147 157 1201 176; x_wconf 78' lang='lat' dir='ltr'>sua</span> <span class='ocrx_word' id='word_1_12' title='bbox 1216 153 1245 177; x_wconf 74' lang='lat' dir='ltr'>et</span> <span class='ocrx_word' id='word_1_13' title='bbox 1257 149 1340 185; x_wconf 81' lang='lat' dir='ltr'>plene</span> <span class='ocrx_word' id='word_1_14' title='bbox 1355 150 1497 176; x_wconf 78' lang='lat' dir='ltr'>noverunt</span> 
     </span>
     <span class='ocr_line' id='line_1_3' title="bbox 226 187 1497 223; baseline -0.002 -8"><span class='ocrx_word' id='word_1_15' title='bbox 226 191 311 223; x_wconf 78' lang='lat' dir='ltr'>gesta</span> <span class='ocrx_word' id='word_1_16' title='bbox 326 190 426 222; x_wconf 43' lang='lat' dir='ltr'>ipsius</span> <span class='ocrx_word' id='word_1_17' title='bbox 446 193 476 216; x_wconf 78' lang='lat' dir='ltr'>et</span> <span class='ocrx_word' id='word_1_18' title='bbox 494 197 512 215; x_wconf 79' lang='lat' dir='ltr'>a</span> <span class='ocrx_word' id='word_1_19' title='bbox 529 189 662 216; x_wconf 76' lang='lat' dir='ltr'>fratribus</span> <span class='ocrx_word' id='word_1_20' title='bbox 679 188 780 215; x_wconf 81' lang='lat' dir='ltr'>Scalae</span> <span class='ocrx_word' id='word_1_21' title='bbox 792 188 857 221; x_wconf 87' lang='lat' dir='ltr'>Dei,</span> <span class='ocrx_word' id='word_1_22' title='bbox 877 187 1073 214; x_wconf 74' lang='lat' dir='ltr'>cisterciensis</span> <span class='ocrx_word' id='word_1_23' title='bbox 1093 187 1210 219; x_wconf 81' lang='lat' dir='ltr'>ordinis,</span> <span class='ocrx_word' id='word_1_24' title='bbox 1230 194 1304 222; x_wconf 84' lang='lat' dir='ltr'>quae</span> <span class='ocrx_word' id='word_1_25' title='bbox 1322 188 1445 221; x_wconf 78' lang='lat' dir='ltr'>scripsit,</span> <span class='ocrx_word' id='word_1_26' title='bbox 1465 194 1497 213; x_wconf 82' lang='lat' dir='ltr'>se</span> 
     </span>
     <span class='ocr_line' id='line_1_4' title="bbox 227 221 1498 259; baseline -0.001 -8"><span class='ocrx_word' id='word_1_27' title='bbox 227 227 331 252; x_wconf 81' lang='lat' dir='ltr'>asserit:</span> <span class='ocrx_word' id='word_1_28' title='bbox 353 227 492 253; x_wconf 60' lang='lat' dir='ltr'>veraciter</span> <span class='ocrx_word' id='word_1_29' title='bbox 520 229 549 252; x_wconf 73' lang='lat' dir='ltr'>et</span> <span class='ocrx_word' id='word_1_30' title='bbox 570 225 689 252; x_wconf 84' lang='lat' dir='ltr'>fideliter</span> <span class='ocrx_word' id='word_1_31' title='bbox 708 221 878 259; x_wconf 70' lang='lat' dir='ltr'>accepisse-‘²</span> <span class='ocrx_word' id='word_1_32' title='bbox 917 222 960 250; x_wconf 90' lang='lat' dir='ltr'>Ob</span> <span class='ocrx_word' id='word_1_33' title='bbox 983 225 1037 250; x_wconf 82' lang='lat' dir='ltr'>wir</span> <span class='ocrx_word' id='word_1_34' title='bbox 1055 224 1086 250; x_wconf 86' lang='lat' dir='ltr'>in</span> <span class='ocrx_word' id='word_1_35' title='bbox 1109 224 1172 251; x_wconf 86' lang='lat' dir='ltr'>dem</span> <span class='ocrx_word' id='word_1_36' title='bbox 1193 223 1342 251; x_wconf 66' lang='lat' dir='ltr'>Vel-fasser</span> <span class='ocrx_word' id='word_1_37' title='bbox 1361 223 1411 250; x_wconf 80' lang='lat' dir='ltr'>der</span> <span class='ocrx_word' id='word_1_38' title='bbox 1429 224 1498 251; x_wconf 72' lang='lat' dir='ltr'>Vita</span> 
     </span>
     <span class='ocr_line' id='line_1_5' title="bbox 225 259 1318 296; baseline -0.001 -8"><span class='ocrx_word' id='word_1_39' title='bbox 225 261 300 288; x_wconf 75' lang='lat' dir='ltr'>auch</span> <span class='ocrx_word' id='word_1_40' title='bbox 319 262 374 289; x_wconf 87' lang='lat' dir='ltr'>den</span> <span class='ocrx_word' id='word_1_41' title='bbox 392 263 509 289; x_wconf 83' lang='lat' dir='ltr'>Dichter</span> <span class='ocrx_word' id='word_1_42' title='bbox 528 262 576 288; x_wconf 82' lang='lat' dir='ltr'>des</span> <span class='ocrx_word' id='word_1_43' title='bbox 597 260 740 287; x_wconf 86' lang='lat' dir='ltr'>Officiums</span> <span class='ocrx_word' id='word_1_44' title='bbox 760 269 795 287; x_wconf 82' lang='lat' dir='ltr'>zu</span> <span class='ocrx_word' id='word_1_45' title='bbox 816 260 921 287; x_wconf 77' lang='lat' dir='ltr'>suchen</span> <span class='ocrx_word' id='word_1_46' title='bbox 940 259 1041 293; x_wconf 76' lang='lat' dir='ltr'>haben,</span> <span class='ocrx_word' id='word_1_47' title='bbox 1062 260 1153 288; x_wconf 85' lang='lat' dir='ltr'>bleibt</span> <span class='ocrx_word' id='word_1_48' title='bbox 1171 261 1318 296; x_wconf 75' lang='lat' dir='ltr'>ungewiss.</span> 
     </span>
    </p>
   </div>
   <div class='ocr_carea' id='block_1_3' title="bbox 630 375 1074 417">
    <p class='ocr_par' dir='ltr' id='par_1_3' title="bbox 630 375 1074 417">
     <span class='ocr_line' id='line_1_6' title="bbox 630 375 1074 417; baseline 0.005 -13"><span class='ocrx_word' id='word_1_49' title='bbox 630 375 675 405; x_wconf 79' lang='lat'>25.</span> <span class='ocrx_word' id='word_1_50' title='bbox 715 375 755 405; x_wconf 79' lang='lat' dir='ltr'>De</span> <span class='ocrx_word' id='word_1_51' title='bbox 775 378 880 406; x_wconf 79' lang='lat' dir='ltr'>saneto</span> <span class='ocrx_word' id='word_1_52' title='bbox 900 377 1074 417; x_wconf 80' lang='lat' dir='ltr'>Bertulpho.</span> 
     </span>
    </p>
   </div>
   <div class='ocr_carea' id='block_1_4' title="bbox 360 442 689 540">
    <p class='ocr_par' dir='ltr' id='par_1_4' title="bbox 360 442 689 540">
     <span class='ocr_line' id='line_1_7' title="bbox 360 442 689 481; baseline 0 -7"><span class='ocrx_word' id='word_1_53' title='bbox 360 445 402 475; x_wconf 86' lang='lat' dir='ltr'>In</span> <span class='ocrx_word' id='word_1_54' title='bbox 430 444 458 475; x_wconf 87' lang='lat'>1.</span> <span class='ocrx_word' id='word_1_55' title='bbox 485 442 689 481; x_wconf 83' lang='lat' dir='ltr'>Vesperis.</span> 
     </span>
     <span class='ocr_line' id='line_1_8' title="bbox 407 505 641 540; baseline -0.004 -9"><span class='ocrx_word' id='word_1_56' title='bbox 407 506 450 531; x_wconf 79' lang='lat' dir='ltr'>Ad</span> <span class='ocrx_word' id='word_1_57' title='bbox 468 505 641 540; x_wconf 79' lang='lat' dir='ltr'>Magnificat.</span> 
     </span>
    </p>
   </div>
   <div class='ocr_carea' id='block_1_5' title="bbox 221 566 509 604">
    <p class='ocr_par' dir='ltr' id='par_1_5' title="bbox 221 566 509 604">
     <span class='ocr_line' id='line_1_9' title="bbox 221 566 509 604; baseline -0.003 -7"><span class='ocrx_word' id='word_1_58' title='bbox 221 567 249 597; x_wconf 93' lang='lat' dir='ltr'>A</span> <span class='ocrx_word' id='word_1_59' title='bbox 286 566 309 597; x_wconf 94' lang='lat' dir='ltr'>O</span> <span class='ocrx_word' id='word_1_60' title='bbox 330 566 509 604; x_wconf 81' lang='lat' dir='ltr'>Bertulphe,</span> 
     </span>
    </p>
   </div>
   <div class='ocr_carea' id='block_1_6' title="bbox 283 610 804 963">
    <p class='ocr_par' dir='ltr' id='par_1_6' title="bbox 284 610 804 695">
     <span class='ocr_line' id='line_1_10' title="bbox 284 610 804 650; baseline 0.002 -8"><span class='ocrx_word' id='word_1_61' title='bbox 284 610 449 642; x_wconf 83' lang='lat' dir='ltr'>Gonfessor</span> <span class='ocrx_word' id='word_1_62' title='bbox 471 611 596 642; x_wconf 88' lang='lat' dir='ltr'>Domini</span> <span class='ocrx_word' id='word_1_63' title='bbox 621 612 804 650; x_wconf 85' lang='lat' dir='ltr'>venerande,</span> 
     </span>
     <span class='ocr_line' id='line_1_11' title="bbox 286 655 659 695; baseline 0.003 -8"><span class='ocrx_word' id='word_1_64' title='bbox 286 655 340 687; x_wconf 88' lang='lat' dir='ltr'>Cui</span> <span class='ocrx_word' id='word_1_65' title='bbox 363 665 421 695; x_wconf 81' lang='lat' dir='ltr'>pro</span> <span class='ocrx_word' id='word_1_66' title='bbox 444 658 527 688; x_wconf 81' lang='lat' dir='ltr'>vitae</span> <span class='ocrx_word' id='word_1_67' title='bbox 550 657 659 688; x_wconf 88' lang='lat' dir='ltr'>merito</span> 
     </span>
    </p>

    <p class='ocr_par' dir='ltr' id='par_1_7' title="bbox 283 702 658 787">
     <span class='ocr_line' id='line_1_12' title="bbox 284 702 658 742; baseline 0 -9"><span class='ocrx_word' id='word_1_68' title='bbox 284 702 394 733; x_wconf 65' lang='lat' dir='ltr'>Illuxit</span> <span class='ocrx_word' id='word_1_69' title='bbox 417 703 557 733; x_wconf 86' lang='lat' dir='ltr'>columna</span> <span class='ocrx_word' id='word_1_70' title='bbox 579 703 658 742; x_wconf 82' lang='lat' dir='ltr'>ignis</span> 
     </span>
     <span class='ocr_line' id='line_1_13' title="bbox 283 748 597 787; baseline 0.003 -9"><span class='ocrx_word' id='word_1_71' title='bbox 283 748 415 779; x_wconf 83' lang='lat' dir='ltr'>Incensa</span> <span class='ocrx_word' id='word_1_72' title='bbox 439 749 478 779; x_wconf 85' lang='lat' dir='ltr'>de</span> <span class='ocrx_word' id='word_1_73' title='bbox 502 749 597 787; x_wconf 80' lang='lat' dir='ltr'>coelo,</span> 
     </span>
    </p>

    <p class='ocr_par' dir='ltr' id='par_1_8' title="bbox 283 792 553 832">
     <span class='ocr_line' id='line_1_14' title="bbox 283 792 553 832; baseline 0 -8"><span class='ocrx_word' id='word_1_74' title='bbox 283 792 389 824; x_wconf 80' lang='lat' dir='ltr'>Exora</span> <span class='ocrx_word' id='word_1_75' title='bbox 410 802 468 832; x_wconf 81' lang='lat' dir='ltr'>pro</span> <span class='ocrx_word' id='word_1_76' title='bbox 492 794 553 824; x_wconf 87' lang='lat' dir='ltr'>tuis</span> 
     </span>
    </p>

    <p class='ocr_par' dir='ltr' id='par_1_9' title="bbox 285 837 585 871">
     <span class='ocr_line' id='line_1_15' title="bbox 285 837 585 871; baseline -0.003 -2"><span class='ocrx_word' id='word_1_77' title='bbox 285 837 440 870; x_wconf 76' lang='lat' dir='ltr'>Christum</span> <span class='ocrx_word' id='word_1_78' title='bbox 463 838 585 871; x_wconf 61' lang='lat' dir='ltr'>famulis</span> 
     </span>
    </p>

    <p class='ocr_par' dir='ltr' id='par_1_10' title="bbox 287 884 494 916">
     <span class='ocr_line' id='line_1_16' title="bbox 287 884 494 916; baseline 0.005 -1"><span class='ocrx_word' id='word_1_79' title='bbox 287 884 332 916; x_wconf 85' lang='lat' dir='ltr'>Ut</span> <span class='ocrx_word' id='word_1_80' title='bbox 355 893 410 915; x_wconf 90' lang='lat' dir='ltr'>nos</span> <span class='ocrx_word' id='word_1_81' title='bbox 432 886 494 916; x_wconf 83' lang='lat' dir='ltr'>suis</span> 
     </span>
    </p>

    <p class='ocr_par' dir='ltr' id='par_1_11' title="bbox 285 929 581 963">
     <span class='ocr_line' id='line_1_17' title="bbox 285 929 581 963; baseline 0.007 -3"><span class='ocrx_word' id='word_1_82' title='bbox 285 929 443 961; x_wconf 81' lang='lat' dir='ltr'>Condonet</span> <span class='ocrx_word' id='word_1_83' title='bbox 466 931 581 963; x_wconf 79' lang='lat' dir='ltr'>amicis,</span> 
     </span>
    </p>
   </div>
   <div class='ocr_carea' id='block_1_7' title="bbox 347 1039 690 1071">
    <p class='ocr_par' dir='ltr' id='par_1_12' title="bbox 347 1039 690 1071">
     <span class='ocr_line' id='line_1_18' title="bbox 347 1039 690 1071; baseline 0 -1"><span class='ocrx_word' id='word_1_84' title='bbox 347 1039 406 1070; x_wconf 84' lang='lat' dir='ltr'>Ad</span> <span class='ocrx_word' id='word_1_85' title='bbox 430 1040 690 1071; x_wconf 81' lang='lat' dir='ltr'>Matutinum.</span> 
     </span>
    </p>
   </div>
   <div class='ocr_carea' id='block_1_8' title="bbox 416 1101 623 1129">
    <p class='ocr_par' dir='ltr' id='par_1_13' title="bbox 416 1101 623 1129">
     <span class='ocr_line' id='line_1_19' title="bbox 416 1101 623 1129; baseline 0.01 -2"><span class='ocrx_word' id='word_1_86' title='bbox 416 1101 623 1129; x_wconf 82' lang='lat' dir='ltr'>Invitatorium.</span> 
     </span>
    </p>
   </div>
   <div class='ocr_carea' id='block_1_9' title="bbox 283 1161 821 1338">
    <p class='ocr_par' dir='ltr' id='par_1_14' title="bbox 283 1161 821 1338">
     <span class='ocr_line' id='line_1_20' title="bbox 283 1161 586 1201; baseline 0.003 -9"><span class='ocrx_word' id='word_1_87' title='bbox 283 1161 366 1192; x_wconf 82' lang='lat' dir='ltr'>Voce</span> <span class='ocrx_word' id='word_1_88' title='bbox 388 1163 459 1201; x_wconf 82' lang='lat' dir='ltr'>pari</span> <span class='ocrx_word' id='word_1_89' title='bbox 483 1170 586 1201; x_wconf 81' lang='lat' dir='ltr'>regem</span> 
     </span>
     <span class='ocr_line' id='line_1_21' title="bbox 326 1207 809 1248; baseline 0.004 -11"><span class='ocrx_word' id='word_1_90' title='bbox 326 1207 486 1239; x_wconf 83' lang='lat' dir='ltr'>laudemus</span> <span class='ocrx_word' id='word_1_91' title='bbox 512 1211 621 1240; x_wconf 82' lang='lat' dir='ltr'>cuncta</span> <span class='ocrx_word' id='word_1_92' title='bbox 644 1211 809 1248; x_wconf 86' lang='lat' dir='ltr'>regentem,</span> 
     </span>
     <span class='ocr_line' id='line_1_22' title="bbox 286 1251 619 1291; baseline 0.009 -9"><span class='ocrx_word' id='word_1_93' title='bbox 286 1251 344 1289; x_wconf 72' lang='lat' dir='ltr'>Qui</span> <span class='ocrx_word' id='word_1_94' title='bbox 367 1254 486 1291; x_wconf 89' lang='lat' dir='ltr'>superis</span> <span class='ocrx_word' id='word_1_95' title='bbox 511 1255 619 1285; x_wconf 85' lang='lat' dir='ltr'>castris</span> 
     </span>
     <span class='ocr_line' id='line_1_23' title="bbox 325 1298 821 1338; baseline 0.01 -9"><span class='ocrx_word' id='word_1_96' title='bbox 325 1298 528 1337; x_wconf 88' lang='lat' dir='ltr'>Bertulphum</span> <span class='ocrx_word' id='word_1_97' title='bbox 549 1300 653 1338; x_wconf 84' lang='lat' dir='ltr'>junxit</span> <span class='ocrx_word' id='word_1_98' title='bbox 669 1301 701 1331; x_wconf 93' lang='lat' dir='ltr'>in</span> <span class='ocrx_word' id='word_1_99' title='bbox 718 1301 821 1334; x_wconf 82' lang='lat' dir='ltr'>astris.</span> 
     </span>
    </p>
   </div>
   <div class='ocr_carea' id='block_1_10' title="bbox 344 1407 694 1507">
    <p class='ocr_par' dir='ltr' id='par_1_15' title="bbox 344 1407 694 1507">
     <span class='ocr_line' id='line_1_24' title="bbox 344 1407 694 1441; baseline 0.009 -3"><span class='ocrx_word' id='word_1_100' title='bbox 344 1407 388 1439; x_wconf 90' lang='lat' dir='ltr'>In</span> <span class='ocrx_word' id='word_1_101' title='bbox 415 1408 443 1441; x_wconf 88' lang='lat'>1.</span> <span class='ocrx_word' id='word_1_102' title='bbox 470 1409 694 1441; x_wconf 79' lang='lat' dir='ltr'>Nocturno.</span> 
     </span>
     <span class='ocr_line' id='line_1_25' title="bbox 420 1470 602 1507; baseline 0.011 -10"><span class='ocrx_word' id='word_1_103' title='bbox 420 1470 602 1507; x_wconf 77' lang='lat' dir='ltr'>Antiphonae</span> 
     </span>
    </p>
   </div>
   <div class='ocr_carea' id='block_1_11' title="bbox 248 1534 806 1802">
    <p class='ocr_par' dir='ltr' id='par_1_16' title="bbox 248 1534 608 1568">
     <span class='ocr_line' id='line_1_26' title="bbox 248 1534 608 1568; baseline 0.003 -1"><span class='ocrx_word' id='word_1_104' title='bbox 248 1560 254 1567; x_wconf 88' lang='lat'>.</span> <span class='ocrx_word' id='word_1_105' title='bbox 281 1534 404 1566; x_wconf 82' lang='lat' dir='ltr'>Prodiit</span> <span class='ocrx_word' id='word_1_106' title='bbox 427 1544 465 1566; x_wconf 85' lang='lat' dir='ltr'>ex</span> <span class='ocrx_word' id='word_1_107' title='bbox 488 1536 608 1568; x_wconf 86' lang='lat' dir='ltr'>Hunnis</span> 
     </span>
    </p>

    <p class='ocr_par' dir='ltr' id='par_1_17' title="bbox 282 1580 806 1667">
     <span class='ocr_line' id='line_1_27' title="bbox 327 1580 806 1623; baseline 0.008 -12"><span class='ocrx_word' id='word_1_108' title='bbox 327 1580 513 1620; x_wconf 85' lang='lat' dir='ltr'>Bertulphus</span> <span class='ocrx_word' id='word_1_109' title='bbox 537 1583 582 1613; x_wconf 93' lang='lat' dir='ltr'>uti</span> <span class='ocrx_word' id='word_1_110' title='bbox 605 1591 677 1614; x_wconf 83' lang='lat' dir='ltr'>rosa</span> <span class='ocrx_word' id='word_1_111' title='bbox 698 1584 806 1623; x_wconf 86' lang='lat' dir='ltr'>dumis,</span> 
     </span>
     <span class='ocr_line' id='line_1_28' title="bbox 282 1625 604 1667; baseline 0.009 -11"><span class='ocrx_word' id='word_1_112' title='bbox 282 1625 363 1657; x_wconf 83' lang='lat' dir='ltr'>Nam</span> <span class='ocrx_word' id='word_1_113' title='bbox 385 1629 475 1665; x_wconf 84' lang='lat' dir='ltr'>patre</span> <span class='ocrx_word' id='word_1_114' title='bbox 498 1628 604 1667; x_wconf 83' lang='lat' dir='ltr'>gentili</span> 
     </span>
    </p>

    <p class='ocr_par' dir='ltr' id='par_1_18' title="bbox 279 1673 767 1757">
     <span class='ocr_line' id='line_1_29' title="bbox 325 1673 767 1714; baseline 0.005 -12"><span class='ocrx_word' id='word_1_115' title='bbox 325 1673 444 1710; x_wconf 80' lang='lat' dir='ltr'>genitus</span> <span class='ocrx_word' id='word_1_116' title='bbox 468 1681 526 1704; x_wconf 84' lang='lat' dir='ltr'>nec</span> <span class='ocrx_word' id='word_1_117' title='bbox 549 1678 648 1706; x_wconf 86' lang='lat' dir='ltr'>matre</span> <span class='ocrx_word' id='word_1_118' title='bbox 671 1674 767 1714; x_wconf 85' lang='lat' dir='ltr'>fideli,</span> 
     </span>
     <span class='ocr_line' id='line_1_30' title="bbox 279 1717 575 1757; baseline 0.014 -10"><span class='ocrx_word' id='word_1_119' title='bbox 279 1717 329 1748; x_wconf 84' lang='lat' dir='ltr'>Ad</span> <span class='ocrx_word' id='word_1_120' title='bbox 354 1717 429 1749; x_wconf 83' lang='lat' dir='ltr'>fidei</span> <span class='ocrx_word' id='word_1_121' title='bbox 450 1722 575 1757; x_wconf 80' lang='lat' dir='ltr'>portum</span> 
     </span>
    </p>

    <p class='ocr_par' dir='ltr' id='par_1_19' title="bbox 326 1764 806 1802">
     <span class='ocr_line' id='line_1_31' title="bbox 326 1764 806 1802; baseline 0.01 -9"><span class='ocrx_word' id='word_1_122' title='bbox 326 1764 489 1802; x_wconf 81' lang='lat' dir='ltr'>genuinum</span> <span class='ocrx_word' id='word_1_123' title='bbox 513 1766 673 1797; x_wconf 82' lang='lat' dir='ltr'>transtulit</span> <span class='ocrx_word' id='word_1_124' title='bbox 696 1769 806 1799; x_wconf 84' lang='lat' dir='ltr'>ortum.</span> 
     </span>
    </p>
   </div>
   <div class='ocr_carea' id='block_1_12' title="bbox 247 1819 819 2034">
    <p class='ocr_par' dir='ltr' id='par_1_20' title="bbox 247 1819 650 1857">
     <span class='ocr_line' id='line_1_32' title="bbox 247 1819 650 1857; baseline 0.012 -9"><span class='ocrx_word' id='word_1_125' title='bbox 247 1842 253 1848; x_wconf 94' lang='lat'><em>.</em></span> <span class='ocrx_word' id='word_1_126' title='bbox 280 1819 479 1857; x_wconf 78' lang='lat' dir='ltr'>Amplectens</span> <span class='ocrx_word' id='word_1_127' title='bbox 503 1820 650 1853; x_wconf 79' lang='lat' dir='ltr'>Abrahae</span> 
     </span>
    </p>

    <p class='ocr_par' dir='ltr' id='par_1_21' title="bbox 278 1866 819 1945">
     <span class='ocr_line' id='line_1_33' title="bbox 322 1866 819 1905; baseline 0.012 -11"><span class='ocrx_word' id='word_1_128' title='bbox 322 1866 402 1895; x_wconf 87' lang='lat' dir='ltr'>sacri</span> <span class='ocrx_word' id='word_1_129' title='bbox 427 1867 599 1904; x_wconf 82' lang='lat' dir='ltr'>exemplum</span> <span class='ocrx_word' id='word_1_130' title='bbox 623 1869 819 1905; x_wconf 78' lang='lat' dir='ltr'>patriarchae</span> 
     </span>
     <span class='ocr_line' id='line_1_34' title="bbox 278 1910 636 1945; baseline 0.014 -5"><span class='ocrx_word' id='word_1_131' title='bbox 278 1910 330 1941; x_wconf 83' lang='lat' dir='ltr'>Ad</span> <span class='ocrx_word' id='word_1_132' title='bbox 354 1911 422 1941; x_wconf 84' lang='lat' dir='ltr'>loca</span> <span class='ocrx_word' id='word_1_133' title='bbox 444 1912 636 1945; x_wconf 80' lang='lat' dir='ltr'>Francorum</span> 
     </span>
    </p>

    <p class='ocr_par' dir='ltr' id='par_1_22' title="bbox 276 1956 767 2034">
     <span class='ocr_line' id='line_1_35' title="bbox 322 1956 767 2000; baseline 0.016 -15"><span class='ocrx_word' id='word_1_134' title='bbox 322 1956 447 1987; x_wconf 74' lang='lat' dir='ltr'>transiit</span> <span class='ocrx_word' id='word_1_135' title='bbox 471 1958 510 1988; x_wconf 90' lang='lat' dir='ltr'>de</span> <span class='ocrx_word' id='word_1_136' title='bbox 535 1959 609 1989; x_wconf 86' lang='lat' dir='ltr'>sede</span> <span class='ocrx_word' id='word_1_137' title='bbox 631 1968 767 2000; x_wconf 78' lang='lat' dir='ltr'>suorum,</span> 
     </span>
     <span class='ocr_line' id='line_1_36' title="bbox 276 2001 527 2034; baseline -0.004 -1"><span class='ocrx_word' id='word_1_138' title='bbox 276 2001 376 2033; x_wconf 82' lang='lat' dir='ltr'>Fonte</span> <span class='ocrx_word' id='word_1_139' title='bbox 399 2002 527 2034; x_wconf 87' lang='lat' dir='ltr'>salutari</span> 
     </span>
    </p>
   </div>
   <div class='ocr_carea' id='block_1_13' title="bbox 244 2049 739 2137">
    <p class='ocr_par' dir='ltr' id='par_1_23' title="bbox 244 2049 739 2137">
     <span class='ocr_line' id='line_1_37' title="bbox 322 2049 739 2085; baseline 0.017 -8"><span class='ocrx_word' id='word_1_140' title='bbox 322 2055 380 2085; x_wconf 87' lang='lat' dir='ltr'>quo</span> <span class='ocrx_word' id='word_1_141' title='bbox 405 2049 505 2085; x_wconf 79' lang='lat' dir='ltr'>possit</span> <span class='ocrx_word' id='word_1_142' title='bbox 528 2058 563 2080; x_wconf 93' lang='lat' dir='ltr'>eo</span> <span class='ocrx_word' id='word_1_143' title='bbox 587 2053 739 2084; x_wconf 85' lang='lat' dir='ltr'>renovari.</span> 
     </span>
     <span class='ocr_line' id='line_1_38' title="bbox 244 2101 631 2137; baseline 0.016 -6"><span class='ocrx_word' id='word_1_144' title='bbox 244 2126 250 2132; x_wconf 95' lang='lat'>.</span> <span class='ocrx_word' id='word_1_145' title='bbox 276 2101 427 2133; x_wconf 85' lang='lat' dir='ltr'>Fluminis</span> <span class='ocrx_word' id='word_1_146' title='bbox 452 2103 483 2135; x_wconf 91' lang='lat' dir='ltr'>in</span> <span class='ocrx_word' id='word_1_147' title='bbox 507 2103 631 2137; x_wconf 81' lang='lat' dir='ltr'>lavacro</span> 
     </span>
    </p>
   </div>
   <div class='ocr_carea' id='block_1_14' title="bbox 274 2151 770 2233">
    <p class='ocr_par' dir='ltr' id='par_1_24' title="bbox 274 2151 770 2233">
     <span class='ocr_line' id='line_1_39' title="bbox 321 2151 770 2189; baseline 0.02 -12"><span class='ocrx_word' id='word_1_148' title='bbox 321 2151 470 2187; x_wconf 80' lang='lat' dir='ltr'>purgatus</span> <span class='ocrx_word' id='word_1_149' title='bbox 493 2154 658 2189; x_wconf 82' lang='lat' dir='ltr'>pneumate</span> <span class='ocrx_word' id='word_1_150' title='bbox 681 2162 770 2186; x_wconf 84' lang='lat' dir='ltr'>sacro</span> 
     </span>
     <span class='ocr_line' id='line_1_40' title="bbox 274 2193 596 2233; baseline 0.012 -8"><span class='ocrx_word' id='word_1_151' title='bbox 274 2193 480 2233; x_wconf 86' lang='lat' dir='ltr'>Detonsisque</span> <span class='ocrx_word' id='word_1_152' title='bbox 503 2198 596 2229; x_wconf 84' lang='lat' dir='ltr'>comis</span> 
     </span>
    </p>
   </div>
   <div class='ocr_carea' id='block_1_15' title="bbox 318 2243 672 2283">
    <p class='ocr_par' dir='ltr' id='par_1_25' title="bbox 318 2243 672 2283">
     <span class='ocr_line' id='line_1_41' title="bbox 318 2243 672 2283; baseline 0.023 -14"><span class='ocrx_word' id='word_1_153' title='bbox 318 2248 375 2278; x_wconf 84' lang='lat' dir='ltr'>pro</span> <span class='ocrx_word' id='word_1_154' title='bbox 401 2248 493 2273; x_wconf 86' lang='lat' dir='ltr'>causa</span> <span class='ocrx_word' id='word_1_155' title='bbox 516 2243 672 2283; x_wconf 83' lang='lat' dir='ltr'>religionis</span> 
     </span>
    </p>
   </div>
   <div class='ocr_carea' id='block_1_16' title="bbox 947 445 1414 522">
    <p class='ocr_par' dir='ltr' id='par_1_26' title="bbox 947 445 1414 522">
     <span class='ocr_line' id='line_1_42' title="bbox 947 445 1238 484; baseline 0 -9"><span class='ocrx_word' id='word_1_156' title='bbox 947 445 1041 484; x_wconf 86' lang='lat' dir='ltr'>Regis</span> <span class='ocrx_word' id='word_1_157' title='bbox 1065 448 1150 476; x_wconf 82' lang='lat' dir='ltr'>amat</span> <span class='ocrx_word' id='word_1_158' title='bbox 1174 446 1238 476; x_wconf 84' lang='lat' dir='ltr'>veri</span> 
     </span>
     <span class='ocr_line' id='line_1_43' title="bbox 992 491 1414 522; baseline 0.002 -1"><span class='ocrx_word' id='word_1_159' title='bbox 992 491 1093 521; x_wconf 82' lang='lat' dir='ltr'>cultor</span> <span class='ocrx_word' id='word_1_160' title='bbox 1116 491 1271 522; x_wconf 85' lang='lat' dir='ltr'>studiosus</span> <span class='ocrx_word' id='word_1_161' title='bbox 1296 491 1414 522; x_wconf 85' lang='lat' dir='ltr'>haberi.</span> 
     </span>
    </p>
   </div>
   <div class='ocr_carea' id='block_1_17' title="bbox 890 544 1259 584">
    <p class='ocr_par' dir='ltr' id='par_1_27' title="bbox 890 544 1259 584">
     <span class='ocr_line' id='line_1_44' title="bbox 890 544 1259 584; baseline -0.003 -7"><span class='ocrx_word' id='word_1_162' title='bbox 890 547 921 577; x_wconf 82' lang='lat'>4.</span> <span class='ocrx_word' id='word_1_163' title='bbox 945 544 1065 584; x_wconf 79' lang='lat' dir='ltr'>Egerat</span> <span class='ocrx_word' id='word_1_164' title='bbox 1086 544 1259 576; x_wconf 87' lang='lat' dir='ltr'>Archatum</span> 
     </span>
    </p>
   </div>
   <div class='ocr_carea' id='block_1_18' title="bbox 944 590 1491 806">
    <p class='ocr_par' dir='ltr' id='par_1_28' title="bbox 944 590 1491 675">
     <span class='ocr_line' id='line_1_45' title="bbox 992 590 1491 622; baseline 0.002 -1"><span class='ocrx_word' id='word_1_165' title='bbox 992 591 1054 621; x_wconf 79' lang='lat' dir='ltr'>dux</span> <span class='ocrx_word' id='word_1_166' title='bbox 1079 590 1278 622; x_wconf 87' lang='lat' dir='ltr'>Wambertus</span> <span class='ocrx_word' id='word_1_167' title='bbox 1296 591 1491 622; x_wconf 85' lang='lat' dir='ltr'>Morinorum</span> 
     </span>
     <span class='ocr_line' id='line_1_46' title="bbox 944 636 1295 675; baseline -0.003 -7"><span class='ocrx_word' id='word_1_168' title='bbox 944 636 1211 675; x_wconf 83' lang='lat' dir='ltr'>Bertulphumque</span> <span class='ocrx_word' id='word_1_169' title='bbox 1234 636 1295 668; x_wconf 88' lang='lat' dir='ltr'>sibi</span> 
     </span>
    </p>

    <p class='ocr_par' dir='ltr' id='par_1_29' title="bbox 945 681 1359 759">
     <span class='ocr_line' id='line_1_47' title="bbox 990 681 1359 714; baseline 0 -1"><span class='ocrx_word' id='word_1_170' title='bbox 990 682 1121 713; x_wconf 77' lang='lat' dir='ltr'>sociavit</span> <span class='ocrx_word' id='word_1_171' title='bbox 1144 691 1249 714; x_wconf 81' lang='lat' dir='ltr'>amore</span> <span class='ocrx_word' id='word_1_172' title='bbox 1273 681 1359 713; x_wconf 84' lang='lat' dir='ltr'>fideli</span> 
     </span>
     <span class='ocr_line' id='line_1_48' title="bbox 945 728 1295 759; baseline 0 0"><span class='ocrx_word' id='word_1_173' title='bbox 945 728 1151 759; x_wconf 80' lang='lat' dir='ltr'>oeconomum</span> <span class='ocrx_word' id='word_1_174' title='bbox 1177 728 1295 759; x_wconf 75' lang='lat' dir='ltr'>clanim</span> 
     </span>
    </p>

    <p class='ocr_par' dir='ltr' id='par_1_30' title="bbox 989 775 1441 806">
     <span class='ocr_line' id='line_1_49' title="bbox 989 775 1441 806; baseline 0.004 -2"><span class='ocrx_word' id='word_1_175' title='bbox 989 782 1090 804; x_wconf 88' lang='lat' dir='ltr'>rerum</span> <span class='ocrx_word' id='word_1_176' title='bbox 1117 775 1281 806; x_wconf 84' lang='lat' dir='ltr'>statuendo</span> <span class='ocrx_word' id='word_1_177' title='bbox 1306 783 1441 806; x_wconf 83' lang='lat' dir='ltr'>suarum.</span> 
     </span>
    </p>
   </div>
   <div class='ocr_carea' id='block_1_19' title="bbox 911 828 1254 860">
    <p class='ocr_par' dir='ltr' id='par_1_31' title="bbox 911 828 1254 860">
     <span class='ocr_line' id='line_1_50' title="bbox 911 828 1254 860; baseline 0.003 -1"><span class='ocrx_word' id='word_1_178' title='bbox 911 853 917 860; x_wconf 94' lang='lat'><strong><em>.</em></strong></span> <span class='ocrx_word' id='word_1_179' title='bbox 943 828 1109 859; x_wconf 87' lang='lat' dir='ltr'>Daemonis</span> <span class='ocrx_word' id='word_1_180' title='bbox 1131 830 1254 860; x_wconf 84' lang='lat' dir='ltr'>accensi</span> 
     </span>
    </p>
   </div>
   <div class='ocr_carea' id='block_1_20' title="bbox 943 874 1486 1098">
    <p class='ocr_par' dir='ltr' id='par_1_32' title="bbox 944 874 1392 959">
     <span class='ocr_line' id='line_1_51' title="bbox 990 874 1392 915; baseline 0 -10"><span class='ocrx_word' id='word_1_181' title='bbox 990 874 1115 913; x_wconf 85' lang='lat' dir='ltr'>quidam</span> <span class='ocrx_word' id='word_1_182' title='bbox 1141 875 1240 906; x_wconf 85' lang='lat' dir='ltr'>livore</span> <span class='ocrx_word' id='word_1_183' title='bbox 1263 876 1392 915; x_wconf 81' lang='lat' dir='ltr'>maligni</span> 
     </span>
     <span class='ocr_line' id='line_1_52' title="bbox 944 920 1257 959; baseline 0.006 -9"><span class='ocrx_word' id='word_1_184' title='bbox 944 920 1097 959; x_wconf 87' lang='lat' dir='ltr'>Principis</span> <span class='ocrx_word' id='word_1_185' title='bbox 1121 922 1153 952; x_wconf 92' lang='lat' dir='ltr'>in</span> <span class='ocrx_word' id='word_1_186' title='bbox 1177 920 1257 952; x_wconf 86' lang='lat' dir='ltr'>facie</span> 
     </span>
    </p>

    <p class='ocr_par' dir='ltr' id='par_1_33' title="bbox 943 965 1401 1051">
     <span class='ocr_line' id='line_1_53' title="bbox 986 965 1401 1004; baseline 0.002 -7"><span class='ocrx_word' id='word_1_187' title='bbox 986 965 1107 1004; x_wconf 81' lang='lat' dir='ltr'>jaciunt</span> <span class='ocrx_word' id='word_1_188' title='bbox 1130 967 1293 998; x_wconf 84' lang='lat' dir='ltr'>mendacia</span> <span class='ocrx_word' id='word_1_189' title='bbox 1316 967 1401 998; x_wconf 64' lang='lat' dir='ltr'>mille</span> 
     </span>
     <span class='ocr_line' id='line_1_54' title="bbox 943 1010 1264 1051; baseline 0.006 -10"><span class='ocrx_word' id='word_1_190' title='bbox 943 1010 1020 1049; x_wconf 80' lang='lat' dir='ltr'>EJ&#39;us</span> <span class='ocrx_word' id='word_1_191' title='bbox 1046 1014 1077 1042; x_wconf 79' lang='lat' dir='ltr'>et</span> <span class='ocrx_word' id='word_1_192' title='bbox 1098 1020 1264 1051; x_wconf 81' lang='lat' dir='ltr'>expensum</span> 
     </span>
    </p>

    <p class='ocr_par' dir='ltr' id='par_1_34' title="bbox 988 1057 1486 1098">
     <span class='ocr_line' id='line_1_55' title="bbox 988 1057 1486 1098; baseline 0.006 -11"><span class='ocrx_word' id='word_1_193' title='bbox 988 1057 1070 1088; x_wconf 82' lang='lat' dir='ltr'>male</span> <span class='ocrx_word' id='word_1_194' title='bbox 1084 1057 1206 1098; x_wconf 68' lang='lat' dir='ltr'>fingunt</span> <span class='ocrx_word' id='word_1_195' title='bbox 1219 1068 1238 1089; x_wconf 87' lang='lat' dir='ltr'>a</span> <span class='ocrx_word' id='word_1_196' title='bbox 1248 1062 1339 1098; x_wconf 83' lang='lat' dir='ltr'>patre</span> <span class='ocrx_word' id='word_1_197' title='bbox 1352 1067 1486 1091; x_wconf 80' lang='lat' dir='ltr'>censum.</span> 
     </span>
    </p>
   </div>
   <div class='ocr_carea' id='block_1_21' title="bbox 910 1112 1254 1151">
    <p class='ocr_par' dir='ltr' id='par_1_35' title="bbox 910 1112 1254 1151">
     <span class='ocr_line' id='line_1_56' title="bbox 910 1112 1254 1151; baseline 0.012 -10"><span class='ocrx_word' id='word_1_198' title='bbox 910 1135 917 1141; x_wconf 93' lang='lat'>.</span> <span class='ocrx_word' id='word_1_199' title='bbox 941 1112 1035 1143; x_wconf 87' lang='lat' dir='ltr'>Actio</span> <span class='ocrx_word' id='word_1_200' title='bbox 1060 1115 1133 1144; x_wconf 85' lang='lat' dir='ltr'>nota</span> <span class='ocrx_word' id='word_1_201' title='bbox 1155 1115 1254 1151; x_wconf 85' lang='lat' dir='ltr'>patris</span> 
     </span>
    </p>
   </div>
   <div class='ocr_carea' id='block_1_22' title="bbox 942 1156 1486 1378">
    <p class='ocr_par' dir='ltr' id='par_1_36' title="bbox 942 1156 1423 1245">
     <span class='ocr_line' id='line_1_57' title="bbox 987 1156 1423 1202; baseline 0.011 -15"><span class='ocrx_word' id='word_1_202' title='bbox 987 1167 1027 1188; x_wconf 89' lang='lat' dir='ltr'>ne</span> <span class='ocrx_word' id='word_1_203' title='bbox 1048 1156 1129 1189; x_wconf 83' lang='lat' dir='ltr'>forte</span> <span class='ocrx_word' id='word_1_204' title='bbox 1151 1162 1274 1198; x_wconf 77' lang='lat' dir='ltr'>pateret</span> <span class='ocrx_word' id='word_1_205' title='bbox 1298 1161 1423 1202; x_wconf 51' lang='lat' dir='ltr'>iniquis,</span> 
     </span>
     <span class='ocr_line' id='line_1_58' title="bbox 942 1203 1298 1245; baseline 0.011 -12"><span class='ocrx_word' id='word_1_206' title='bbox 942 1203 1035 1234; x_wconf 86' lang='lat' dir='ltr'>Panis</span> <span class='ocrx_word' id='word_1_207' title='bbox 1060 1204 1148 1235; x_wconf 81' lang='lat' dir='ltr'>adest</span> <span class='ocrx_word' id='word_1_208' title='bbox 1172 1205 1298 1245; x_wconf 87' lang='lat' dir='ltr'>lignum,</span> 
     </span>
    </p>

    <p class='ocr_par' dir='ltr' id='par_1_37' title="bbox 943 1249 1486 1328">
     <span class='ocr_line' id='line_1_59' title="bbox 986 1249 1486 1287; baseline 0.012 -8"><span class='ocrx_word' id='word_1_209' title='bbox 986 1249 1129 1287; x_wconf 85' lang='lat' dir='ltr'>pallescit</span> <span class='ocrx_word' id='word_1_210' title='bbox 1153 1253 1188 1281; x_wconf 82' lang='lat' dir='ltr'>ut</span> <span class='ocrx_word' id='word_1_211' title='bbox 1210 1251 1295 1284; x_wconf 85' lang='lat' dir='ltr'>unda</span> <span class='ocrx_word' id='word_1_212' title='bbox 1317 1253 1486 1285; x_wconf 81' lang='lat' dir='ltr'>Falernum</span> 
     </span>
     <span class='ocr_line' id='line_1_60' title="bbox 943 1293 1255 1328; baseline 0.01 -3"><span class='ocrx_word' id='word_1_213' title='bbox 943 1293 1144 1327; x_wconf 86' lang='lat' dir='ltr'>Glorificante</span> <span class='ocrx_word' id='word_1_214' title='bbox 1167 1305 1255 1328; x_wconf 87' lang='lat' dir='ltr'>suum</span> 
     </span>
    </p>

    <p class='ocr_par' dir='ltr' id='par_1_38' title="bbox 988 1341 1434 1378">
     <span class='ocr_line' id='line_1_61' title="bbox 988 1341 1434 1378; baseline 0.011 -7"><span class='ocrx_word' id='word_1_215' title='bbox 988 1341 1112 1372; x_wconf 87' lang='lat' dir='ltr'>coelesti</span> <span class='ocrx_word' id='word_1_216' title='bbox 1136 1344 1261 1374; x_wconf 89' lang='lat' dir='ltr'>numine</span> <span class='ocrx_word' id='word_1_217' title='bbox 1284 1348 1434 1378; x_wconf 78' lang='lat' dir='ltr'>sanctum.</span> 
     </span>
    </p>
   </div>
   <div class='ocr_carea' id='block_1_23' title="bbox 1077 1424 1278 1460">
    <p class='ocr_par' dir='ltr' id='par_1_39' title="bbox 1077 1424 1278 1460">
     <span class='ocr_line' id='line_1_62' title="bbox 1077 1424 1278 1460; baseline 0.01 -10"><span class='ocrx_word' id='word_1_218' title='bbox 1077 1424 1278 1460; x_wconf 84' lang='lat' dir='ltr'>Responsoria.</span> 
     </span>
    </p>
   </div>
   <div class='ocr_carea' id='block_1_24' title="bbox 939 1478 1456 1844">
    <p class='ocr_par' dir='ltr' id='par_1_40' title="bbox 939 1478 1282 1518">
     <span class='ocr_line' id='line_1_63' title="bbox 939 1478 1282 1518; baseline 0.012 -9"><span class='ocrx_word' id='word_1_219' title='bbox 939 1478 1023 1517; x_wconf 88' lang='lat' dir='ltr'>Ergo</span> <span class='ocrx_word' id='word_1_220' title='bbox 1047 1480 1202 1518; x_wconf 80' lang='lat' dir='ltr'>stupenda</span> <span class='ocrx_word' id='word_1_221' title='bbox 1224 1482 1282 1513; x_wconf 86' lang='lat' dir='ltr'>viri</span> 
     </span>
    </p>

    <p class='ocr_par' dir='ltr' id='par_1_41' title="bbox 940 1525 1412 1605">
     <span class='ocr_line' id='line_1_64' title="bbox 987 1525 1412 1561; baseline 0.009 -6"><span class='ocrx_word' id='word_1_222' title='bbox 987 1525 1114 1556; x_wconf 87' lang='lat' dir='ltr'>nimium</span> <span class='ocrx_word' id='word_1_223' title='bbox 1137 1526 1288 1559; x_wconf 80' lang='lat' dir='ltr'>miracula</span> <span class='ocrx_word' id='word_1_224' title='bbox 1312 1530 1412 1561; x_wconf 82' lang='lat' dir='ltr'>sancti</span> 
     </span>
     <span class='ocr_line' id='line_1_65' title="bbox 940 1571 1312 1605; baseline 0.013 -5"><span class='ocrx_word' id='word_1_225' title='bbox 940 1571 1073 1602; x_wconf 80' lang='lat' dir='ltr'>Aemula</span> <span class='ocrx_word' id='word_1_226' title='bbox 1094 1573 1187 1604; x_wconf 83' lang='lat' dir='ltr'>turba</span> <span class='ocrx_word' id='word_1_227' title='bbox 1208 1582 1312 1605; x_wconf 83' lang='lat' dir='ltr'>sacros</span> 
     </span>
    </p>

    <p class='ocr_par' dir='ltr' id='par_1_42' title="bbox 941 1617 1456 1705">
     <span class='ocr_line' id='line_1_66' title="bbox 987 1617 1456 1662; baseline 0.015 -16"><span class='ocrx_word' id='word_1_228' title='bbox 987 1617 1072 1655; x_wconf 84' lang='lat' dir='ltr'>cujus</span> <span class='ocrx_word' id='word_1_229' title='bbox 1099 1618 1171 1649; x_wconf 89' lang='lat' dir='ltr'>dum</span> <span class='ocrx_word' id='word_1_230' title='bbox 1194 1620 1335 1657; x_wconf 85' lang='lat' dir='ltr'>prodidit</span> <span class='ocrx_word' id='word_1_231' title='bbox 1358 1624 1456 1662; x_wconf 77' lang='lat' dir='ltr'>actus,</span> 
     </span>
     <span class='ocr_line' id='line_1_67' title="bbox 941 1662 1338 1705; baseline 0.013 -13"><span class='ocrx_word' id='word_1_232' title='bbox 941 1662 1023 1693; x_wconf 84' lang='lat' dir='ltr'>Vina</span> <span class='ocrx_word' id='word_1_233' title='bbox 1045 1662 1206 1695; x_wconf 83' lang='lat' dir='ltr'>imitantur</span> <span class='ocrx_word' id='word_1_234' title='bbox 1227 1674 1338 1705; x_wconf 83' lang='lat' dir='ltr'>aquam</span> 
     </span>
    </p>

    <p class='ocr_par' dir='ltr' id='par_1_43' title="bbox 939 1708 1387 1787">
     <span class='ocr_line' id='line_1_68' title="bbox 985 1708 1387 1750; baseline 0.015 -12"><span class='ocrx_word' id='word_1_235' title='bbox 985 1708 1075 1746; x_wconf 85' lang='lat' dir='ltr'>panis</span> <span class='ocrx_word' id='word_1_236' title='bbox 1098 1710 1235 1749; x_wconf 78' lang='lat' dir='ltr'>lignique</span> <span class='ocrx_word' id='word_1_237' title='bbox 1257 1710 1387 1750; x_wconf 78' lang='lat' dir='ltr'>figuram</span> 
     </span>
     <span class='ocr_line' id='line_1_69' title="bbox 939 1752 1207 1787; baseline 0.019 -4"><span class='ocrx_word' id='word_1_238' title='bbox 939 1752 1056 1785; x_wconf 87' lang='lat' dir='ltr'>Ordine</span> <span class='ocrx_word' id='word_1_239' title='bbox 1078 1759 1207 1787; x_wconf 87' lang='lat' dir='ltr'>naturae</span> 
     </span>
    </p>

    <p class='ocr_par' dir='ltr' id='par_1_44' title="bbox 987 1801 1400 1844">
     <span class='ocr_line' id='line_1_70' title="bbox 987 1801 1400 1844; baseline 0.019 -15"><span class='ocrx_word' id='word_1_240' title='bbox 987 1801 1132 1832; x_wconf 83' lang='lat' dir='ltr'>coelestia</span> <span class='ocrx_word' id='word_1_241' title='bbox 1152 1802 1225 1841; x_wconf 82' lang='lat' dir='ltr'>jura</span> <span class='ocrx_word' id='word_1_242' title='bbox 1248 1808 1400 1844; x_wconf 80' lang='lat' dir='ltr'>stupente.</span> 
     </span>
    </p>
   </div>
   <div class='ocr_carea' id='block_1_25' title="bbox 907 1844 1327 1893">
    <p class='ocr_par' dir='ltr' id='par_1_45' title="bbox 907 1844 1327 1893">
     <span class='ocr_line' id='line_1_71' title="bbox 907 1844 1327 1893; baseline 0.019 -19"><span class='ocrx_word' id='word_1_243' title='bbox 907 1869 913 1875; x_wconf 94' lang='lat'><em>.</em></span> <span class='ocrx_word' id='word_1_244' title='bbox 940 1844 1019 1882; x_wconf 81' lang='lat' dir='ltr'>Quid</span> <span class='ocrx_word' id='word_1_245' title='bbox 1042 1845 1124 1878; x_wconf 82' lang='lat' dir='ltr'>ferat</span> <span class='ocrx_word' id='word_1_246' title='bbox 1145 1850 1177 1880; x_wconf 90' lang='lat' dir='ltr'>in</span> <span class='ocrx_word' id='word_1_247' title='bbox 1201 1851 1327 1893; x_wconf 83' lang='lat' dir='ltr'>gremio,</span> 
     </span>
    </p>
   </div>
   <div class='ocr_carea' id='block_1_26' title="bbox 939 1895 1473 2025">
    <p class='ocr_par' dir='ltr' id='par_1_46' title="bbox 939 1895 1473 2025">
     <span class='ocr_line' id='line_1_72' title="bbox 983 1895 1472 1942; baseline 0.022 -21"><span class='ocrx_word' id='word_1_248' title='bbox 983 1895 1155 1925; x_wconf 75' lang='lat' dir='ltr'>monstrare</span> <span class='ocrx_word' id='word_1_249' title='bbox 1175 1895 1303 1933; x_wconf 85' lang='lat' dir='ltr'>jubetur</span> <span class='ocrx_word' id='word_1_250' title='bbox 1326 1898 1365 1929; x_wconf 84' lang='lat' dir='ltr'>ab</span> <span class='ocrx_word' id='word_1_251' title='bbox 1386 1898 1472 1942; x_wconf 86' lang='lat' dir='ltr'>hero,</span> 
     </span>
     <span class='ocr_line' id='line_1_73' title="bbox 939 1937 1324 1977; baseline 0.013 -8"><span class='ocrx_word' id='word_1_252' title='bbox 939 1937 1022 1969; x_wconf 84' lang='lat' dir='ltr'>Ecce</span> <span class='ocrx_word' id='word_1_253' title='bbox 1043 1946 1101 1977; x_wconf 88' lang='lat' dir='ltr'>per</span> <span class='ocrx_word' id='word_1_254' title='bbox 1124 1941 1324 1974; x_wconf 86' lang='lat' dir='ltr'>altithronum</span> 
     </span>
     <span class='ocr_line' id='line_1_74' title="bbox 984 1984 1473 2025; baseline 0.025 -12"><span class='ocrx_word' id='word_1_255' title='bbox 984 1984 1102 2022; x_wconf 85' lang='lat' dir='ltr'>species</span> <span class='ocrx_word' id='word_1_256' title='bbox 1126 1989 1214 2025; x_wconf 75' lang='lat' dir='ltr'>patet</span> <span class='ocrx_word' id='word_1_257' title='bbox 1237 1989 1337 2021; x_wconf 86' lang='lat' dir='ltr'>altera</span> <span class='ocrx_word' id='word_1_258' title='bbox 1359 1999 1473 2025; x_wconf 84' lang='lat' dir='ltr'>rerum.</span> 
     </span>
    </p>
   </div>
   <div class='ocr_carea' id='block_1_27' title="bbox 1003 2085 1355 2187">
    <p class='ocr_par' dir='ltr' id='par_1_47' title="bbox 1003 2085 1355 2187">
     <span class='ocr_line' id='line_1_75' title="bbox 1003 2085 1355 2124; baseline 0.023 -8"><span class='ocrx_word' id='word_1_259' title='bbox 1003 2085 1048 2116; x_wconf 87' lang='lat' dir='ltr'>In</span> <span class='ocrx_word' id='word_1_260' title='bbox 1073 2088 1103 2118; x_wconf 86' lang='lat'>2.</span> <span class='ocrx_word' id='word_1_261' title='bbox 1130 2087 1355 2124; x_wconf 84' lang='lat' dir='ltr'>Nocturno.</span> 
     </span>
     <span class='ocr_line' id='line_1_76' title="bbox 1080 2149 1271 2187; baseline 0.021 -10"><span class='ocrx_word' id='word_1_262' title='bbox 1080 2149 1271 2187; x_wconf 80' lang='lat' dir='ltr'>Antiphonae.</span> 
     </span>
    </p>
   </div>
   <div class='ocr_carea' id='block_1_28' title="bbox 883 2204 1263 2243">
    <p class='ocr_par' dir='ltr' id='par_1_48' title="bbox 883 2204 1263 2243">
     <span class='ocr_line' id='line_1_77' title="bbox 883 2204 1263 2243; baseline 0.018 -7"><span class='ocrx_word' id='word_1_263' title='bbox 883 2204 913 2237; x_wconf 89' lang='lat'>1.</span> <span class='ocrx_word' id='word_1_264' title='bbox 938 2204 999 2236; x_wconf 89' lang='lat' dir='ltr'>Hic</span> <span class='ocrx_word' id='word_1_265' title='bbox 1022 2206 1120 2238; x_wconf 89' lang='lat' dir='ltr'>bonus</span> <span class='ocrx_word' id='word_1_266' title='bbox 1144 2208 1263 2243; x_wconf 81' lang='lat' dir='ltr'>athleta</span> 
     </span>
    </p>
   </div>
   <div class='ocr_carea' id='block_1_29' title="bbox 983 2252 1396 2297">
    <p class='ocr_par' dir='ltr' id='par_1_49' title="bbox 983 2252 1396 2297">
     <span class='ocr_line' id='line_1_78' title="bbox 983 2252 1396 2297; baseline 0.024 -15"><span class='ocrx_word' id='word_1_267' title='bbox 983 2252 1140 2285; x_wconf 73' lang='lat' dir='ltr'>stabilitus</span> <span class='ocrx_word' id='word_1_268' title='bbox 1163 2259 1266 2289; x_wconf 80' lang='lat' dir='ltr'>mente</span> <span class='ocrx_word' id='word_1_269' title='bbox 1291 2259 1396 2297; x_wconf 83' lang='lat' dir='ltr'>quieta</span> 
     </span>
    </p>
   </div>
  </div>
 </body>
</html>
