1674 2492
765 55 831 91 203
877 73 924 79 -

492 150 536 180 78.
573 149 609 180 In
627 147 835 179 Decollatione
854 154 877 177 s.
897 144 1044 176 Johannis
1063 144 1095 175 Β.

290 218 336 251 In
360 219 392 251 1.
416 217 444 248 V
455 226 524 256 esp
536 218 629 249 eris.

345 283 390 309 Ad
408 281 586 317 Magnificat.

193 364 200 372 .
224 339 361 371 Herodis
385 339 572 371 adulterium

274 385 397 418 Natalis
422 386 488 424 ejus
512 384 626 424 gaudia

227 432 381 465 Foedavit
406 431 633 464 convivantium

273 479 317 511 Et
340 479 509 510 saltatricis
533 477 643 517 gratia,

227 525 311 557 Dum
332 527 462 564 propter
484 524 592 555 matris
617 523 721 554 odium

275 572 376 610 Caput
398 570 548 602 Johannis
571 570 668 608 impia

227 619 266 651 In
290 618 339 649 sui
361 617 429 648 ludi
450 616 623 656 praemium

276 664 362 696 Tulit
385 664 417 695 in
443 663 528 694 disco
552 661 626 694 filia.

299 775 359 806 Ad
384 774 640 806 Matutinum.

364 843 575 869 Invitatorium.

227 900 344 940 Regem
368 900 581 939 praecursoris
605 899 741 939 Domini,

277 947 389 977 Venite
411 946 584 977 adoremus.

295 1058 341 1090 In
367 1058 395 1090 1.
421 1057 451 1088 N
463 1059 647 1089 coturno,

376 1126 566 1161 Antiphonae.

198 1209 203 1215 .
230 1183 373 1215 Herodes
397 1184 429 1214 in
452 1183 594 1214 luxuriae

276 1230 383 1269 Turpe
408 1230 546 1268 dejectus
570 1229 689 1269 vitium,

230 1277 372 1308 Incestus
395 1276 609 1307 immunditiae

276 1323 472 1354 Permiscens
496 1322 692 1362 adulterium,

231 1368 334 1400 Decus
359 1369 484 1400 virtutis
508 1369 655 1408 propriae

279 1415 441 1447 Convertit
461 1416 495 1446 in
518 1415 730 1455 opprobrium.

198 1496 204 1502 .
230 1471 312 1502 Dum
335 1469 428 1502 foede
451 1471 510 1502 sibi
534 1470 677 1503 foederat

275 1518 398 1549 Fratris
421 1527 548 1549 uxorem
571 1519 725 1556 miseram,

230 1564 274 1595 Et
298 1565 398 1603 turpis
423 1573 509 1596 amor
531 1564 667 1604 imperat

826 308 864 340 V.

836 457 866 488 2.

277 1612 415 1649 Turpem
424 1620 486 1642 non
494 1619 627 1651 pensans
636 1620 774 1650 operam,

229 1657 282 1689 Ad
307 1660 438 1689 mortem
460 1657 561 1689 libens
585 1659 735 1697 properat

277 1705 400 1736 Fovens
424 1704 456 1734 in
481 1705 550 1735 sinu
574 1705 722 1744 viperam.

199 1788 204 1793 .
230 1759 417 1798 Exemplum
442 1760 542 1799 turpis
566 1760 669 1799 operis

278 1807 323 1838 Et
346 1804 506 1837 foeditatis
530 1807 648 1838 semina

234 1853 494 1884 ministraverunt
518 1852 651 1890 posteiis

281 1900 352 1931 Non
379 1899 569 1930 occultantes
595 1899 725 1930 erimina

236 1945 359 1978 Fratris
384 1945 498 1977 oblitus
523 1943 659 1977 foederis

281 1993 325 2025 Et
348 2001 440 2024 sexus
464 2000 581 2023 memor
606 1991 729 2024 femina.

379 2085 583 2120 Responsoria.

198 2170 205 2177 .
231 2144 400 2183 Johannes,
425 2150 539 2181 praeeo
561 2142 687 2181 judicis,

231 2190 393 2223 Mandatis
419 2190 451 2222 in
478 2189 639 2221 dominicis

235 2239 276 2271 Se
301 2236 526 2270 demonstravit
549 2236 690 2269 sedulum

278 2284 527 2324 praeambulum,

892 214 922 246 A
945 214 1028 245 euris
1050 212 1160 244 mundi
1182 210 1311 243 lubricis

893 260 974 293 Dum
998 258 1164 291 revocabat
1186 257 1347 297 populum,

889 307 978 346 Quod
1002 304 1203 345 praedicabat
1228 302 1356 341 faciens,

892 353 987 385 Bonis
1013 352 1162 391 exempHs
1190 350 1335 382 condiens

892 399 1049 431 Sermonis
1075 398 1158 430 vitae
1184 396 1340 437 pabulum.

892 454 993 493 HuJ'us
1017 453 1153 485 Herodis
1176 452 1309 483 monitus

890 501 1011 532 Audire
1034 500 1136 531 libens
1161 498 1281 537 solitus,

894 546 1050 585 Deceptus
1076 544 1274 577 contubernio

937 592 1075 632 Nefario‚

894 639 1035 671 Tandem
1060 638 1190 670 descivit
1212 637 1334 676 penitus

891 685 953 717 Pro
977 685 1061 723 turpi
1085 684 1255 723 lenocinio;

859 755 866 763 .
891 730 972 763 Nam
997 730 1050 762 ubi
1074 733 1184 769 regnat
1206 730 1301 761 nimia

892 776 1007 809 Uxoris
1031 784 1148 815 pravae
1171 777 1281 815 gratia,

896 823 1013 855 Locum
1036 832 1099 854 non
1122 822 1219 853 habet
1241 823 1331 854 ratio.

862 903 870 911 .
897 878 953 909 Vir
979 880 1103 910 sanctus
1128 878 1209 908 sicut
1233 877 1341 908 debuit

897 925 1055 957 Incestum
1082 924 1153 955 dum
1177 923 1347 963 redarguit,

896 971 991 1002 Artes
1017 972 1224 1001 commentans
1248 969 1360 1009 impias

942 1017 1100 1048 Herodias

901 1062 942 1095 Ut
965 1071 1093 1101 serpens
1117 1062 1254 1101 linguam
1278 1062 1361 1093 acuit

897 1108 1011 1141 Contra
1036 1109 1192 1140 doctrinas
1215 1108 1347 1147 sobrias,

891 1155 935 1187 Et
957 1159 990 1186 ut
1016 1156 1134 1186 calcata
1157 1155 1266 1193 vipera

895 1201 1080 1233 Insibilabat
1103 1209 1215 1239 aspera

898 1247 990 1279 Virus
1014 1247 1047 1278 in
1071 1255 1161 1278 aures
1185 1247 1295 1286 regias.

959 1348 1003 1380 In
1030 1350 1060 1380 2.
1087 1348 1310 1381 Nocturno.

1040 1412 1231 1449 Antiphonae.

865 1496 871 1502 .
897 1470 966 1501 Rex
991 1479 1062 1509 ergo
1087 1471 1185 1502 victus
1209 1471 1322 1503 misere

944 1517 1070 1558 Amore,
1095 1526 1155 1557 quo
1178 1527 1240 1550 non
1265 1518 1382 1557 debuit,

897 1562 1029 1594 Placere
1054 1564 1127 1595 dum
1150 1564 1312 1596 adulterae

942 1609 1044 1650 Magis
1067 1619 1160 1650 quam
1182 1611 1248 1643 Deo
1274 1610 1382 1649 voluit,

899 1655 1065 1688 Horrendo
1091 1658 1226 1689 clausum
1252 1665 1376 1689 earcere

943 1702 1087 1734 Vinctum
1111 1704 1283 1737 Johannem
1309 1704 1416 1735 tenuit.

865 1783 872 1790 .
897 1759 992 1797 Quem
1016 1761 1123 1791 tenens
1150 1760 1220 1791 dum
1245 1759 1398 1791 recoleret

946 1805 1070 1837 Natalis
1094 1806 1142 1837 sui
1164 1806 1319 1846 gaudium,

900 1851 1008 1891 Jussit,
1034 1855 1070 1882 ut
1092 1852 1257 1884 satisfieret

948 1899 985 1930 In
1012 1906 1108 1929 coena
1130 1900 1210 1931 votis
1235 1900 1379 1939 omnium,

899 1943 941 1975 Et
966 1944 1052 1985 large
1076 1946 1148 1977 vina
1173 1945 1318 1977 funderet

948 1990 1080 2023 Caterva
1103 1992 1353 2024 ministrantium.

867 2072 874 2080 .
900 2047 1036 2087 Egressa
1058 2050 1133 2080 tunc
1156 2050 1189 2081 in
1211 2050 1347 2082 medium

944 2095 1133 2128 Herodiadis
1158 2095 1232 2136 filia,

900 2142 984 2173 Anto
1009 2145 1205 2182 conspectum
1228 2144 1345 2184 regium

944 2189 1043 2221 Missa
1068 2190 1204 2223 saltandi
1227 2192 1337 2231 gratia,

898 2235 1009 2268 Vultus
1035 2238 1187 2269 convertit
1210 2239 1344 2270 omnium

945 2284 997 2315 Ad
1021 2284 1069 2315 sui
1093 2285 1159 2316 ludi
1181 2286 1303 2326 gaudia.
