1656 2491
753 97 980 132 —90-

266 219 273 226 .
299 195 421 226 Instant
444 191 510 224 fata
533 200 590 223 nec
613 192 660 222 his

344 242 463 270 maesta
484 237 522 269 fit
544 238 620 268 hora
642 236 737 268 necis.

267 318 275 326 .
300 293 459 326 Laudibus
483 292 638 323 immensis

344 339 464 378 intenti,
491 338 562 369 dum
586 337 680 367 micat
704 336 795 374 ensis,

302 384 389 417 Colla
414 384 482 414 neci
505 383 631 413 tradunt

344 430 449 467 sicque
472 428 528 459 sub
553 436 624 458 ense
649 427 780 469 cadunt3

297 474 442 512 Miraque
465 482 514 504 res
541 474 634 511 dictu,

342 519 423 558 quod
446 519 478 549 in
500 519 568 557 ipso
592 519 642 549 lac
663 517 733 549 fluit
754 519 828 557 ictu,

264 593 270 598 .
296 566 357 597 Res
381 567 483 596 tamen
507 564 583 595 haec
605 564 723 603 liquide

345 610 466 649 cognita
490 610 583 649 digna
604 608 677 640 fide.

403 687 462 718 Ad
485 687 657 720 Laudes

438 745 627 780 Antiphonae.

262 819 269 826 .
297 793 320 825 O
346 790 422 822 felix
446 800 543 829 omen,

341 837 422 875 quod
447 836 578 868 fratrum
602 837 706 868 nobile
726 846 835 869 nomen

297 884 367 914 Non
394 886 441 913 est
464 881 623 913 fortuitum

342 928 391 959 vel
415 928 482 958 sine
504 937 540 958 re
563 929 708 967 positum.

265 1008 271 1014 .
297 983 355 1014 His
382 982 472 1013 datur
496 986 620 1014 exortus

343 1037 362 1059 a
385 1031 477 1058 cantu
497 1029 628 1059 nominis
653 1031 747 1065 ortus,

296 1072 386 1105 Mens
412 1073 520 1112 quibus
543 1083 605 1104 una
628 1083 754 1104 manens

343 1121 390 1149 est
413 1127 505 1157 super
529 1121 612 1150 astra
636 1128 756 1151 canens.

298 1174 378 1211 Quos
404 1173 492 1204 dedit
513 1175 655 1212 aequales

339 1226 435 1257 mens,
460 1227 581 1258 nomen,
599 1220 683 1258 origo
701 1219 833 1259 sodales,

294 1264 359 1295 Hos
385 1272 435 1294 res
461 1264 612 1302 dispariat

340 1309 465 1340 nullave
490 1310 643 1341 dissociat.

303 1367 371 1395 Cod.
390 1367 529 1394 Parisien.
552 1365 656 1395 17331.
677 1375 749 1395 ‚aec-
772 1367 814 1395 16.

903 190 935 222 4,
959 188 1003 220 Hi
1027 188 1118 218 simul
1144 188 1247 226 occisi,

1004 233 1096 264 simul
1119 234 1161 264 ad
1185 233 1319 272 patriam
1342 231 1481 271 paradisi

961 279 1116 318 Tendunt,
1143 282 1172 309 et
1197 279 1288 310 simul
1311 279 1359 310 his

1005 325 1073 356 laus
1100 325 1190 355 datur
1213 325 1246 355 in
1269 324 1404 363 populis.

903 383 934 413 5.
959 380 1004 412 Ut
1027 380 1117 410 simul
1142 388 1271 418 quorum

1004 426 1184 456 meritorum
1209 426 1315 464 sicque
1337 425 1476 456 locorum

959 472 1038 503 Sunt
1060 471 1093 501 hi
1117 471 1220 501 sortiti

1006 516 1087 547 dona
1111 516 1214 554 quiete
1237 516 1299 546 siti.

1072 587 1117 613 Ad
1138 587 1319 613 Benedictus.

891 641 931 672 A.
958 640 1007 671 Ne
1027 647 1084 669 nos
1109 647 1178 669 cum
1200 638 1342 677 reprobis

1003 685 1129 715 damnet
1152 684 1315 723 sententia,
1341 683 1431 715 nobis

957 731 1007 762 Da
1029 738 1087 768 per
1110 730 1304 769 martyrium,

1002 784 1058 806 rex
1080 776 1134 814 pie
1159 775 1290 815 Christe,
1316 775 1420 807 trium.

1026 871 1073 902 In
1102 873 1132 903 2.
1159 872 1263 909 Vesp
1275 871 1368 902 eris.

1076 935 1121 961 Ad
1140 933 1315 969 Mag-nificat.

890 992 931 1023 A.
957 992 981 1023 Ο
1007 990 1107 1030 Canti‚
1134 998 1222 1021 sacer
1247 998 1349 1029 exora,

1003 1037 1085 1074 quod
1107 1036 1246 1074 justitiae
1272 1044 1328 1066 rex

957 1082 1021 1113 Nos
1046 1082 1131 1112 lavet
1154 1090 1172 1112 a
1195 1082 1280 1112 vitiis

1001 1127 1114 1158 vilibus
1140 1129 1171 1157 et
1193 1127 1300 1166 variis,

954 1174 1077 1211 Vosque
1099 1181 1208 1211 preces
1232 1173 1345 1211 reliqui

1002 1218 1062 1249 duo
1087 1217 1219 1256 fundite,
1245 1227 1300 1249 nos
1325 1221 1359 1249 ut
1382 1219 1482 1258 iniqui

954 1265 1068 1295 Hostes
1091 1264 1229 1302 nequitia

1001 1318 1063 1340 non
1087 1310 1213 1340 trahant
1236 1310 1279 1340 ad
1304 1310 1389 1341 vitia.

663 1451 707 1481 32.
745 1452 789 1482 De
808 1452 910 1482 sancto
933 1452 1064 1482 castore.

368 1509 414 1540 111
439 1510 469 1541 1.
497 1509 600 1548 Vesp
612 1511 704 1542 eris,

416 1567 460 1593 Ad
477 1567 651 1603 Mag-nificat.

263 1644 269 1649 .
293 1618 376 1649 Laus
402 1617 469 1657 tibi,
495 1627 551 1649 rex
574 1622 708 1658 aeterne,

293 1663 376 1695 Laus
404 1665 435 1693 et
459 1664 551 1695 decus
575 1673 720 1705 perenne,

294 1708 386 1747 Cujus
412 1713 513 1740 castus
538 1719 632 1749 amor,

246 1786 249 1789 ,
295 1756 359 1793 Quo
385 1755 500 1785 exarsit
525 1755 643 1795 Castor,

293 1800 377 1832 Tulit
400 1800 501 1838 ipsum
523 1803 636 1833 mundo

293 1846 337 1877 Et
359 1846 478 1877 invexit
502 1848 596 1886 coelo,

292 1891 354 1923 Ubi
379 1890 499 1931 fulgens
523 1894 672 1933 gloriosus

292 1936 385 1968 Adsit
407 1939 492 1977 gregi
516 1942 622 1977 pastor
645 1940 725 1978 pius,

360 2028 420 2059 Ad
443 2029 701 2063 Matutinum.

425 2086 633 2114 Invitatorium.

292 2138 422 2170 Auctori
444 2138 527 2169 vitae

333 2183 442 2223 vigiles
467 2184 602 2223 jubilare
625 2188 738 2227 venite,

291 2229 348 2262 Cui
372 2230 503 2269 vigilans
526 2234 634 2269 pastor

334 2276 411 2307 vivit
435 2285 527 2315 super
551 2278 676 2310 aethera
701 2278 820 2313 Castor.

1017 1511 1064 1541 In
1090 1512 1119 1542 1.
1145 1510 1171 1541 N
1183 1513 1368 1543 octurno.

1098 1564 1289 1599 Antiphonae.

901 1612 931 1644 1.
955 1608 1104 1642 Effloruit
1126 1614 1282 1650 tamquam
1306 1612 1433 1652 lignum,

957 1657 1044 1695 Quod
1068 1665 1087 1687 a
1110 1656 1177 1688 Deo
1203 1660 1250 1688 est
1272 1658 1458 1698 plantatum,

955 1703 1104 1733 Fructum
1130 1702 1240 1734 Castor
1260 1704 1401 1742 Justitiae

957 1748 1017 1779 Suo
1043 1747 1146 1779 ferens
1170 1749 1203 1779 in
1228 1752 1376 1788 tempore.

899 1800 929 1830 2.
955 1798 1176 1837 Apprehendit
1201 1800 1406 1840 disciplinam,

955 1845 1004 1876 Ne
1028 1845 1176 1882 perderet
1200 1846 1281 1877 viam
1303 1847 1429 1886 Justam,

956 1891 1022 1928 Qua
1044 1890 1195 1922 tendebat
1217 1891 1250 1922 in
1275 1893 1426 1924 directum

955 1936 1054 1974 Super
1078 1936 1152 1967 Sion
1176 1940 1311 1969 montem
1332 1943 1484 1973 sanctum.

898 1988 929 2019 3.
954 1987 1037 2018 Dum
1059 1987 1191 2018 tribulat
1213 1997 1247 2019 se
1271 1990 1395 2028 gravius

953 2032 1097 2071 Suscepit
1122 2041 1190 2064 eum
1214 2034 1375 2072 Dominus,

956 2078 1012 2110 Cui
1036 2079 1136 2117 gloria
1160 2082 1208 2110 est
1231 2083 1263 2111 et
1286 2082 1368 2112 salus

953 2125 997 2156 Et
1021 2125 1161 2156 exaltans
1187 2130 1279 2166 caput
1304 2129 1383 2167 ejus.

1092 2189 1294 2225 Responsoria.

898 2236 929 2267 1.
955 2235 1086 2267 Sanctus
1111 2236 1222 2268 Castor
1246 2247 1265 2269 a
1288 2248 1385 2278 puero

954 2281 1025 2314 Jam
1047 2286 1233 2320 praeventus
1258 2285 1318 2316 Dei
1344 2287 1423 2319 dono
