1679 2491
699 101 949 136 —131-

341 189 386 217 Ad
405 190 490 218 Nunc
509 191 639 221 dimittis.

176 240 220 271 A.
246 240 348 272 Ditati
371 241 485 273 laureis

294 286 426 318 Profuso
450 290 609 328 sanguine,

247 331 417 365 Subvenite
441 334 502 365 reis

292 378 406 410 Vestro
429 381 617 419 precamine.

311 480 373 511 Ad
397 481 661 514 Matutinum.

379 549 592 577 Invitatorium.

245 603 417 643 Regentem
442 606 612 638 exercitum

295 650 380 682 Coeli
401 651 565 683 adoremus

244 696 286 727 Et
310 705 369 735 pro
392 697 498 735 palma
520 698 653 729 militum

291 741 369 780 EJus
391 742 568 781 Jubflemus.

310 843 356 874 In
382 843 412 875 1.
439 843 664 877 Nocturno.

388 912 581 947 Antiphonae.

211 994 219 1001 .
244 967 360 998 Beatus
383 967 580 1006 Epiphanius

289 1013 392 1053 Digne
425 1014 611 1053 contempsit
634 1014 790 1046 saeculum

245 1060 365 1099 Agmen
389 1061 487 1091 multo
511 1060 645 1092 nobilius

290 1105 431 1137 Lucrans
454 1114 513 1145 per
535 1107 644 1138 mortis
666 1107 793 1138 titulum

212 1194 218 1200 .
245 1169 385 1201 Isidorus
410 1171 532 1202 stabilis

290 1216 368 1249 Fuit
390 1217 423 1247 iu
447 1225 555 1256 agone,

245 1263 292 1295 Ut
313 1262 405 1293 fieret
427 1261 541 1294 habilis

292 1308 442 1340 Coelestis
469 1316 609 1340 coronae.

210 1397 217 1405 .
245 1373 403 1412 Spiritalis
429 1373 574 1404 victimae

291 1419 377 1451 Odor
401 1419 595 1459 gratissimus

246 1465 408 1497 certantes
432 1465 571 1505 legitime

288 1510 409 1543 Probat
433 1511 613 1542 altissimus.

383 1584 588 1619 Responsoria.

210 1662 217 1669 .
242 1636 415 1675 Absterget
437 1636 522 1667 Deus
546 1636 691 1667 lacrimas

289 1681 340 1714 Ab
365 1682 463 1713 oculis
487 1685 675 1724 sanctorum,

244 1728 363 1760 Dulcor
387 1731 531 1760 aeternus
556 1728 674 1761 animas

288 1774 487 1814 Adimplebit
511 1783 626 1814 eorum,

207 1847 214 1854 .
241 1820 313 1853 Non
338 1822 477 1853 esurient
499 1829 599 1859 neque
621 1821 736 1860 sitient,

242 1868 342 1901 immo
367 1867 511 1906 sentient,
538 1875 597 1905 quo
617 1876 652 1898 se
666 1867 789 1899 satient.

207 1958 215 1966 .
240 1934 304 1967 Pro
329 1932 393 1965 fide
418 1931 535 1964 Christi

241 1980 423 2020 sanguinem
446 1978 501 2010 isti

286 2035 376 2058 suum
400 2025 560 2066 fuderunt,

238 2073 380 2106 Tramite
404 2072 523 2106 Christi

238 2121 272 2152 in
296 2129 376 2159 pace
399 2119 469 2151 sisti

286 2168 536 2206 promeruerunt,

171 2214 211 2247 V.
236 2212 339 2244 Felici
361 2215 446 2245 sorte

240 2262 397 2292 certamen
421 2258 504 2291 forte

283 2309 385 2338 morte
412 2306 563 2340 vicerunt.

859 197 891 229 3.
916 196 975 229 Isti
997 205 1054 228 sua
1075 197 1275 229 tradiderunt

963 242 1101 282 Corpora
1126 244 1323 284 cruciatibus,

916 288 998 320 Nam
1021 289 1152 320 firmiter
1176 290 1375 322 crediderunt

962 334 1078 367 Christi
1101 336 1364 376 promissionibus,

880 403 888 411 .
913 379 1022 411 Firma
1044 389 1101 419 spe
1123 384 1195 413 sunt
1213 382 1263 413 usi

914 425 958 456 Et
980 435 1042 458 non
1066 430 1138 458 sunt
1161 426 1291 460 confusi.

977 549 1023 581 In
1049 551 1080 581 2.
1105 550 1328 584 Nocturno.

1057 618 1249 652 Antiphonae.

882 698 889 706 .
916 673 1057 705 Christus
1081 673 1225 705 fidelibus

959 718 1045 758 Fert,
1070 722 1106 749 ut
1129 721 1311 759 sustineant,

913 763 983 795 Suis
1007 764 1156 796 militibus

958 809 1032 849 Dat,
1059 818 1118 848 quo
1142 811 1354 849 praevaleant.

879 906 886 912 .
913 882 1104 915 Profuerunt
1126 892 1239 923 aspera

959 929 1076 962 Christi
1099 930 1289 968 martyribus

911 974 987 1006 Plus
1014 984 1105 1014 quam
1127 977 1236 1007 mundi
1258 984 1414 1016 prospera

958 1021 1079 1053 Horum
1102 1023 1283 1054 tortoribus.

881 1118 888 1127 ,
915 1095 939 1126 O
963 1094 1044 1126 mira
1068 1097 1238 1127 certamina

960 1140 1110 1172 Lotorum
1132 1143 1292 1181 sanguine,

913 1187 1038 1218 Intrant
1062 1187 1140 1218 coeli
1163 1187 1271 1219 limina

959 1232 1073 1264 Mortis
1099 1233 1286 1265 discrimine.

1052 1313 1255 1349 Responsoria.

880 1395 888 1402 .
914 1370 994 1401 Dum
1020 1378 1077 1408 pro
1103 1369 1226 1402 Christo
1251 1371 1397 1402 sustinuit

959 1416 1155 1455 Epiphanius
1178 1417 1295 1456 gravia,

914 1462 1149 1493 Haereditatem
1174 1463 1296 1503 meruit,

959 1508 997 1539 In
1022 1517 1082 1547 qua
1104 1509 1192 1540 nulla
1213 1509 1353 1547 penuria.

880 1580 887 1586 .
912 1554 1005 1585 Felix
1028 1554 1217 1593 haereditas,

914 1601 951 1632 In
976 1609 1037 1640 qua
1059 1599 1217 1639 fertilitas,

959 1647 1026 1678 Pax
1052 1650 1083 1678 et
1105 1648 1284 1679 aeternitas

881 1746 887 1753 .
913 1721 1018 1753 Radix
1041 1730 1135 1760 passa
1157 1730 1215 1760 pro
1240 1721 1348 1760 stipite

960 1767 1038 1805 Quia
1061 1767 1154 1799 morti
1176 1768 1361 1807 praevaluit,

912 1813 1049 1845 Mortem
1074 1814 1150 1844 vicit
1173 1814 1205 1844 in
1229 1813 1337 1852 milite,

958 1859 1055 1897 Quem
1078 1868 1136 1898 pro
1161 1868 1195 1890 se
1217 1860 1298 1890 mori
1320 1860 1438 1898 voluit3

877 1931 885 1938 .
911 1905 1033 1937 Isidoro
1059 1906 1212 1945 Christus,
1238 1906 1329 1938 radix
1354 1908 1375 1940 J
1378 1914 1456 1946 esse⁷

913 1953 949 1983 In
973 1952 1104 1990 perenni
1127 1952 1193 1984 vita
1218 1952 1306 1984 dedit
1330 1961 1406 1984 esse.

880 2052 887 2059 .
913 2025 937 2057 O
962 2034 1076 2058 manna
1102 2026 1297 2067 delectabile,

956 2072 986 2104 A
1010 2081 1069 2112 quo
1093 2073 1143 2105 lac
1167 2074 1296 2113 sugitur,

913 2118 978 2156 Quo
1001 2118 1105 2158 pulvis
1131 2119 1343 2159 corruptibilis

957 2165 1063 2197 Morte
1085 2175 1148 2198 non
1172 2167 1308 2199 vincitur

958 2210 1021 2244 Sed
1044 2213 1145 2245 libens
1169 2214 1317 2253 moritui-3

877 2284 884 2290 .
910 2258 1028 2291 Christi
1052 2262 1124 2293 sunt
1147 2260 1225 2292 haec
1247 2260 1357 2301 ubera,

911 2304 990 2344 Ejus
1011 2310 1084 2339 sunt
1106 2307 1184 2340 haec
1206 2316 1344 2341 munera.

1248 2362 1289 2391 9*
