1679 2491
684 59 842 95 *221
891 78 937 84 —-

303 158 349 188 In
375 158 406 188 2.
432 156 653 191 Nocturno.

382 229 575 266 Antiphonae.

206 313 212 319 .
237 286 376 318 Verbum
402 287 493 319 dulce
514 287 666 318 eructavit

284 333 374 365 Istud
398 336 569 366 monstrum
593 333 626 365 in
649 332 762 374 patria,

240 380 340 411 Actus
362 388 434 411 suos
458 379 651 422 gubernavit,

284 426 330 458 Ut
352 429 498 466 regnaret
520 427 553 458 in
576 426 685 466 gloria.

209 508 215 514 .
242 481 326 514 Deus
350 482 384 513 in
406 485 493 513 terra
516 481 621 521 posuit

288 528 391 567 Hujus
414 537 507 560 sexus
530 527 687 568 prodigia,

244 575 304 614 Qui
327 584 384 606 nos
408 575 509 606 vitare
533 574 638 606 docuit

289 619 412 653 Inimici
436 621 578 660 vestigia.

213 704 218 710 .
246 676 347 716 Super
371 677 445 708 solis
472 677 628 708 cacumine

287 722 439 755 Laetatur
462 723 557 761 stirps
582 722 676 762 regia,

245 769 362 809 Magna
387 769 527 800 consistit
551 768 697 808 germine,

287 815 511 847 Demonstrant
534 815 593 846 hoc
611 814 739 853 Judicia.

383 907 586 942 Responsoria.

211 988 218 997 .
242 962 459 1003 Flagellantur

290 1010 416 1050 puellae
439 1009 553 1049 regiae,

246 1057 327 1090 Dum
353 1056 523 1088 abhorrent

293 1102 432 1134 nefanda
454 1102 576 1140 latriae,

247 1149 406 1188 Linquunt
431 1148 537 1187 Gotos‚

293 1198 400 1236 gentes
427 1195 609 1234 dementiae,

248 1242 378 1274 Mansus
402 1242 517 1281 gaudet

294 1298 352 1328 pro
377 1288 434 1319 tali
458 1287 534 1326 acie,

344 1333 423 1372 Quia
446 1337 544 1373 grata.

215 1408 222 1415 .
248 1383 332 1414 Istae
357 1382 462 1412 colunt

297 1436 401 1467 regem
422 1426 563 1466 justitiae

248 1475 292 1507 Et
313 1477 444 1506 exorant

297 1530 354 1560 pro
380 1523 472 1560 gente
495 1519 625 1558 patriae,

219 1608 226 1615 .
251 1582 290 1614 In
315 1581 433 1614 Christi
455 1580 533 1612 solio

297 1628 429 1660 Plantae
448 1626 591 1666 justitiae

298 1675 450 1707 Crescunt
472 1672 633 1712 munditie,

254 1721 404 1753 Goelestis
431 1720 536 1751 concio

299 1767 449 1798 Laetatur
472 1766 576 1805 hodie,

255 1813 384 1846 Crescat
408 1812 531 1844 devotio

299 1859 402 1899 HuJ'us
427 1858 565 1890 familiae

349 1906 411 1938 Hic
434 1906 464 1938 in
488 1905 548 1939 via.

219 1981 226 1988 .
252 1953 412 1993 Precibus,
438 1951 565 1991 servuli,

300 2001 443 2034 Laudate
467 1999 644 2040 Dominum,

255 2048 301 2080 Ut
326 2048 395 2079 sitis
419 2046 533 2078 aemuli

302 2094 486 2127 Sanctarum
511 2093 676 2132 virginum.

221 2183 228 2190 .
254 2157 401 2189 Plantula
425 2153 588 2193 mirabilis,

304 2204 381 2236 Ortu
403 2210 555 2243 generosa

255 2251 298 2283 Et
322 2250 388 2283 vita
411 2247 590 2287 laudabilis,

302 2300 385 2329 Actu
410 2297 573 2335 luminosa,

841 385 878 418 V.

857 1129 886 1160 §.3

901 154 939 186 In
964 151 1029 192 poli
1054 149 1212 181 cunabulis

950 199 1046 231 Sedet
1068 197 1212 236 gloriosa,

905 245 1010 278 Mansi
1032 242 1223 276 defensibilis

950 292 999 324 Ac
1022 290 1188 330 imperiosa

996 339 1034 370 ln
1059 336 1197 369 excelsis.

904 385 969 416 Ista
993 383 1089 423 stipes

953 430 1074 470 fulgens
1098 429 1254 470 prosapia,

907 477 1026 509 Cedant
1050 476 1145 508 Satan

955 527 986 555 et
1011 523 1110 554 carnis
1135 522 1222 556 vitia.

974 615 1019 648 In
1043 617 1075 648 3.
1100 614 1156 647 No
1167 618 1321 646 eturno.

1052 679 1243 714 Antiphonae.

876 761 883 768 .
909 736 1059 768 Nuntiate
1079 736 1111 766 in
1133 736 1257 774 populis

958 782 1093 814 Coronas
1117 781 1225 813 harum
1249 782 1412 823 virginum,

908 828 1124 867 Deprecentur
1147 827 1186 859 ab
1210 827 1328 865 insulis,

956 874 1001 906 Ut
1024 874 1137 905 tollant
1161 872 1262 906 fasces
1279 874 1452 907 criminum.

880 956 886 961 .
913 928 994 970 Quia
1018 930 1160 969 regnavit
1182 938 1277 968 super
1300 929 1356 961 has

956 977 1090 1008 Messias
1116 975 1319 1015 collaudetur,

913 1023 995 1055 Gens
1018 1022 1123 1054 Mansi
1147 1026 1263 1061 pangat.
1286 1022 1424 1063 choreas,

960 1069 1076 1101 Ohoros
1102 1069 1216 1100 ducens
1239 1069 1382 1103 laetetur.

914 1126 1045 1158 Cantate
1068 1124 1200 1156 Domino

959 1180 1027 1202 cum
1051 1180 1129 1202 novo
1155 1171 1285 1210 cantico,

917 1219 974 1258 Qui
996 1217 1151 1249 mirabilia

960 1263 1036 1296 fecit
1056 1264 1090 1295 in
1112 1263 1239 1303 populo,

914 1310 977 1342 Sua
999 1311 1140 1350 potentia

959 1358 1058 1389 claret
1079 1356 1228 1388 miraculo

1008 1403 1045 1434 In
1069 1403 1193 1442 puellis.

1053 1476 1255 1511 Responsoria.

883 1559 889 1565 .
914 1534 1010 1566 Binas
1036 1533 1124 1565 duxit

964 1588 1002 1612 ex
1026 1589 1060 1611 se
1082 1580 1270 1619 propagines

919 1626 1023 1667 Stipes
1047 1627 1117 1667 ista,

964 1672 1090 1705 fue-runt
1113 1673 1249 1712 virgines

920 1720 1089 1759 Tamquam
1113 1719 1208 1751 arbor

966 1765 1152 1799 obumbrans
1176 1765 1315 1797 homines

1012 1812 1162 1844 Danielis.

919 1860 1051 1899 Lignum
1076 1857 1270 1891 salutiferum

966 1905 1055 1938 nobis
1081 1908 1128 1937 est
1153 1905 1309 1945 donatum,

921 1952 1016 1985 Juxta
1040 1960 1134 1992 aquas
1160 1953 1277 1992 gratiae

968 1999 1067 2031 Auxit
1089 1999 1359 2039 transplantatum.

890 2081 896 2088 .
921 2056 1010 2088 Duae
1036 2058 1192 2087 consortes

968 2103 1151 2135 Sanctorum
1176 2102 1298 2142 civium,

1013 2151 1135 2190 Augetc
1157 2152 1264 2189 gentes

926 2192 989 2230 Vos
1016 2196 1228 2237 deprecantes,

968 2244 1021 2276 Ad
1046 2244 1125 2276 coeli
1148 2244 1289 2277 bravium

1016 2290 1199 2324 Transferte
1222 2294 1350 2324 montes.
