1656 2491
646 186 693 217 20.
731 186 773 216 De
795 185 900 215 sancto
922 183 1088 215 Baruardo.

363 276 406 306 In
436 275 464 307 1.
491 273 700 311 vesperis.

441 337 627 370 Antiphonae.

241 403 270 434 1.
296 402 396 432 Adest
420 401 484 431 dies
509 398 647 435 celebris,

341 446 407 483 Qua
429 453 535 476 servus
558 443 660 475 fidelis

293 491 343 521 Ab
368 491 416 521 his
440 490 574 529 migrans
599 489 735 520 tenebris

340 536 505 567 Corruscat
528 536 559 566 in
585 535 689 566 caelis.

262 633 269 641 .
295 607 479 647 Peregrinus
503 608 636 646 patriam

339 654 465 686 Obtinet
490 653 661 693 coelestem,

294 699 419 731 Gloriae
441 699 619 737 primariam

340 745 402 777 Ubi
427 746 558 783 sumpsit
580 748 706 778 vestem.

262 845 268 851 .
294 817 330 848 In
354 817 469 856 nuptiis
494 816 587 856 regiis

338 863 492 894 Decenter
516 866 640 894 ornatus

293 907 405 939 Affluit
429 908 546 939 deliciis

338 954 485 993 Supernis
510 954 626 985 beatus.

263 1053 270 1061 .
297 1027 407 1066 Corde,
432 1027 544 1065 lingua,
569 1027 709 1058 manibus

340 1073 470 1103 Domum
495 1071 659 1103 fabricavit

295 1119 333 1150 In
355 1119 432 1149 locis
458 1118 650 1159 coelestibus,

338 1164 433 1202 Quam
457 1163 652 1197 inhabitavit.

262 1262 269 1269 .
295 1238 320 1269 O
344 1240 451 1275 pastor
476 1236 605 1276 egregie,

338 1283 432 1314 Adsis
457 1290 578 1321 semper
601 1281 687 1321 gregi

294 1328 516 1360 Commendans
540 1328 678 1366 quotidie

337 1373 403 1404 Nos
427 1376 551 1404 aeterno
575 1373 650 1411 regi.

412 1471 455 1497 Ad
473 1470 647 1506 Magnificat.

261 1561 267 1568 .
293 1535 472 1575 Magnificat
495 1536 627 1566 animam

338 1581 422 1613 Deus
446 1582 493 1611 sui
516 1581 632 1619 militis,

294 1627 417 1658 Virtute
439 1626 592 1668 mirificat,

337 1671 518 1711 Amplifica‘c
540 1672 668 1711 meritis,

294 1717 427 1750 Praemii
450 1717 603 1757 glorificat

338 1764 467 1795 Deliciis
490 1763 614 1802 abditis,

293 1809 402 1841 Secum
428 1818 480 1840 cor
503 1808 652 1840 laetificat

339 1855 493 1887 Barnardi
517 1855 674 1887 antistitis.

358 1993 417 2024 Ad
442 1993 700 2025 Matutinum.

425 2055 633 2083 Invitatorium.

295 2120 512 2152 Collaudemus
536 2120 648 2160 singuli

338 2166 483 2198 Divinam
507 2168 708 2209 clementiam,

295 2211 351 2250 Qui
375 2212 536 2245 Barnardo
559 2214 695 2252 praesuli

338 2258 434 2290 Dedit
457 2261 572 2291 tantam
596 2261 734 2299 gloriam.

1019 271 1064 302 In
1090 270 1120 301 1.
1147 270 1369 301 Nocturno.

1099 332 1289 367 Antiphonae.

924 423 930 431 ,
956 397 1077 429 Nobilis
1102 398 1268 436 prosapiae

1001 444 1172 481 Tamquam
1194 443 1278 473 vitae
1301 442 1418 480 lignum

957 488 1137 519 Barnardus
1162 488 1361 526 Burgundiae

1001 533 1099 564 Dedit
1122 532 1256 564 fructum
1282 533 1417 571 dignum.

924 622 931 629 .
957 596 1058 636 Super
1082 596 1156 627 Sion
1180 596 1300 635 positus

1001 644 1095 676 Jussa
1118 642 1178 673 Dei
1202 642 1375 681 praedicat,

957 688 1098 720 Moribus
1124 688 1311 726 compositus

1001 735 1047 767 Ut
1069 734 1116 764 sol
1140 735 1245 765 lucens
1271 733 1391 766 emicat.

923 823 929 830 .
955 798 1049 840 Deus,
1076 798 1141 836 ejus
1166 797 1274 837 gloria,

999 845 1093 876 Hunc
1117 845 1301 875 clamantem
1325 843 1419 882 eripit

957 889 1000 920 Et
1023 898 1126 921 secum
1150 890 1182 921 in
1206 890 1308 927 patria

1000 935 1180 967 Exal‘tatum
1204 936 1344 974 suscipit.

1093 1026 1297 1060 Responsoria.

921 1114 929 1122 .
955 1090 1056 1129 Stirps
1079 1090 1275 1121 Barnardum

999 1136 1145 1174 producit
1169 1135 1292 1174 nobilis,

953 1182 1055 1213 Radix
1079 1179 1196 1220 florem,

998 1226 1134 1258 fructum
1156 1226 1215 1258 fios
1239 1227 1335 1264 utilis⁷

953 1273 990 1304 In
1014 1282 1072 1312 quo
1098 1272 1183 1303 Deus
1208 1275 1296 1311 patet
1318 1272 1481 1311 mirabilis,

918 1343 925 1350 .
952 1318 1072 1349 Crescit
1083 1327 1162 1356 puer
1175 1317 1308 1356 simplex
1321 1320 1352 1348 et
1362 1318 1498 1359 humilis,

953 1364 1128 1395 Virtutibus
1152 1364 1273 1402 magnis
1296 1364 1474 1395 laudabilis.

921 1452 927 1459 .
950 1428 1086 1459 Avulsus
1110 1436 1129 1458 a
1153 1427 1327 1459 scholarum
1350 1428 1473 1467 studiis,

951 1474 1074 1505 Praesit
1096 1473 1128 1503 in
1154 1473 1254 1512 patris
1277 1474 1488 1516 patrimontJS,

954 1518 1069 1550 Summi
1093 1520 1191 1557 patris
1215 1519 1345 1551 haerens
1363 1520 1500 1551 consiliis

920 1591 926 1597 .
951 1564 1036 1595 Emit
1064 1572 1183 1596 summa
1208 1564 1247 1595 de
1271 1566 1363 1597 rebus
1387 1565 1498 1604 patriis

954 1610 997 1641 Et
1020 1614 1147 1641 aeterna
1172 1612 1211 1642 de
1235 1611 1432 1644 transitoriis

923 1698 930 1706 .
955 1673 1070 1705 Factus
1094 1674 1182 1705 miles
1207 1674 1368 1714 impugnat
1388 1676 1474 1716 vitia,

953 1719 1176 1751 Monachorum
1203 1718 1315 1753 fundat
1341 1722 1498 1762 coenobia,

955 1766 1045 1797 Vana
1067 1766 1175 1797 mundi
1199 1766 1319 1798 calcata
1342 1767 1442 1806 gloria

921 1838 927 1845 ,
952 1810 1005 1842 Fit
1035 1812 1202 1843 monachus
1227 1815 1335 1844 tenens
1360 1813 1498 1853 humilia,

955 1857 1006 1888 Ad
1030 1858 1178 1889 virtutum
1202 1858 1288 1890 volat
1311 1858 1444 1899 fastigia.

1020 1996 1064 2026 In
1090 1996 1120 2028 2.
1147 1996 1368 2029 Nocturno.

1096 2058 1286 2095 Antiphonae.

920 2140 927 2155 ι
953 2123 1072 2161 Verbis,
1099 2124 1206 2165 siguis,
1235 2126 1354 2158 actibus

1000 2170 1195 2202 Barnardum
1218 2171 1396 2212 magnificat

952 2216 1064 2248 Coram
1087 2218 1205 2256 magnis
1230 2219 1354 2258 regibus

1000 2262 1084 2294 Deus
1107 2266 1138 2294 et
1161 2263 1316 2299 mirificat.
