1656 2491
767 71 1016 105 -230-

270 169 301 201 3.
326 168 390 201 Ubi
413 169 519 202 Jesum
541 166 733 206 praedicavit

372 215 461 246 Vitae
484 217 608 244 sanctae
631 213 739 243 merito

328 260 390 292 Sed
414 263 445 291 et
468 267 587 290 cursum
613 259 834 290 consummavit

370 306 468 338 Felici
490 304 648 343 martyrio.

461 392 659 426 Responsoria.

274 448 304 481 1.
330 448 490 478 Vetustate
511 447 621 478 mulier

373 494 486 525 doloris
511 495 622 524 vexata

326 540 453 571 Manum
477 539 593 570 habens
618 539 737 570 aridam

370 585 502 616 sanitate
525 587 612 624 grata

324 632 387 663 Per
408 630 555 662 Rumoldi
577 631 687 661 merita

370 677 483 716 gaudet
504 677 679 716 impetrata.

262 723 299 754 V.
327 722 442 754 Christi
465 731 571 754 servus

371 768 487 800 Christi
509 769 690 799 miraculum

325 814 420 845 Vetus
444 823 554 845 novum

369 859 446 890 facit
468 868 525 898 per
548 860 698 893 meritum.

270 918 302 947 2.
326 914 467 954 Frigoris
489 915 683 946 incommoda

371 960 452 992 Dum
476 962 598 999 captiva
622 961 828 1001 quaerulatur,

327 1006 411 1038 Mira
435 1014 499 1036 res:
527 1010 558 1037 et
579 1007 713 1045 tegmina

370 1052 501 1083 Tantum
524 1053 607 1083 domi
630 1054 806 1092 meditatur,

330 1097 466 1128 Vestium
490 1098 601 1129 solatia

371 1143 480 1181 Sentit,
505 1144 613 1183 quibus
639 1144 824 1177 convolatur.

263 1189 301 1222 V.
328 1188 471 1220 Caritatis

372 1234 499 1266 vestitus
523 1235 640 1273 podere

329 1280 421 1311 Pater
443 1280 512 1318 pius

371 1327 524 1357 succurrit
546 1327 687 1360 miserae.

276 1383 306 1414 3.
331 1380 447 1418 Vulpes
470 1381 582 1419 gallum
606 1382 706 1414 subito

375 1426 498 1465 capiens
523 1430 633 1462 astuta,

332 1472 395 1509 Quo
421 1475 547 1503 cavente
570 1474 680 1504 mulier

373 1518 537 1549 matutinas
561 1521 628 1550 tuta

330 1563 458 1594 Pulsans
482 1563 639 1603 horologio

376 1611 474 1640 cessat
499 1610 661 1649 destituta3

265 1652 300 1686 V.
327 1654 351 1685 O
375 1655 525 1694 precandi

373 1701 518 1732 Rumoldi
541 1702 691 1741 meritum,

328 1746 479 1785 Repertat
501 1748 604 1779 vivum

374 1794 481 1832 vulpes
505 1794 690 1833 galliculum.

440 1907 500 1939 Ad
524 1908 695 1942 Laudes,

470 1980 659 2017 Antiphonae.

276 2037 305 2068 1.
331 2035 397 2067 Deo
421 2039 527 2068 nostro
551 2039 592 2069 sit
611 2039 749 2077 ,iucunda

329 2081 511 2121 Decoraque
534 2085 610 2127 laus,
637 2086 688 2124 qui
712 2087 827 2118 munda

378 2128 479 2160 Corda
502 2131 602 2169 replet
625 2133 735 2171 gratia,

329 2174 386 2212 Qui
412 2175 510 2207 divisa
533 2177 625 2209 maris
649 2180 735 2210 unda

330 2220 421 2252 Viam
445 2222 508 2253 suis
532 2232 588 2262 per
610 2224 765 2263 profunda

378 2268 491 2299 Pandit
512 2270 553 2301 ad
578 2271 731 2305 coelestia.

929 167 958 198 2.
987 164 1089 196 Corda
1108 163 1243 203 jubilent
1267 165 1299 194 et
1322 172 1378 195 ora

985 210 1187 243 Decantando
1213 218 1279 241 cum
1304 218 1416 241 sonora

1030 257 1114 288 Voce
1137 256 1245 288 laudes
1269 256 1426 296 martyris,

985 303 1081 341 Quem
1105 302 1145 334 ad
1169 302 1251 333 bona
1274 302 1397 342 potiora

985 349 1054 381 Hac
1075 350 1108 380 in
1134 348 1185 381 die
1207 348 1315 380 mortis
1339 348 1418 379 hora

1029 396 1096 427 Rex
1120 396 1294 427 transvexit
1316 395 1450 426 luminiS.

951 477 958 483 .
981 451 1073 483 Felix
1096 459 1203 482 servus
1228 453 1260 481 et
1284 450 1403 489 beatus,

983 497 1145 536 Dignitate
1167 505 1229 527 non
1254 497 1352 527 elatus

1029 543 1096 574 Nec
1118 545 1280 582 parentum
1305 542 1412 584 gloria,

982 589 1032 621 Ab
1057 589 1193 629 indignis
1217 588 1390 620 trucidatus

987 634 1095 668 Coelos
1120 635 1244 666 scandit
1264 636 1424 666 laureatus

1029 682 1156 720 Adepta
1179 682 1319 712 victoria.

943 758 958 768 -.
986 737 1034 769 Sit
1057 738 1133 768 haec
1159 737 1224 768 dies
1247 744 1395 776 praesens
1420 738 1512 776 laeta,

986 783 1034 815 Sit
1054 783 1192 822 jucunda
1216 783 1283 814 sine
1305 785 1398 822 meta,

1030 830 1096 867 Qua
1119 829 1201 861 valle
1224 828 1368 860 miseriae

982 875 1104 906 Relicta
1129 876 1279 913 domoque
1303 877 1409 912 spreta

984 922 1120 960 Aegypti
1145 921 1260 953 Christi
1284 920 1404 952 athleta

1029 967 1144 1006 Regem
1167 967 1235 998 adit
1258 966 1384 1006 gloriae.

951 1047 958 1055 .
985 1022 1072 1060 Quod
1097 1022 1203 1060 sitivit,
1231 1021 1465 1061 contemplatur,

986 1067 1229 1106 Contemplandu
1255 1067 1436 1104 delectatur,

1032 1113 1223 1145 Delectando
1248 1113 1372 1152 fruitur,

987 1158 1180 1191 Perfruendo
1204 1160 1345 1198 satiatur,

987 1206 1122 1237 Satiatus
1145 1214 1208 1237 non
1231 1208 1388 1246 gravatur,

1030 1251 1111 1282 Dum
1136 1251 1212 1290 sitit,
1238 1261 1297 1291 quo
1321 1252 1469 1289 pascitur.

1105 1315 1149 1341 Ad
1168 1314 1347 1342 Benedictus.

954 1388 959 1393 .
984 1361 1172 1392 Benedictus
1195 1361 1346 1393 Dominus

1029 1406 1113 1437 Deus
1137 1408 1275 1447 Israelis,

985 1453 1043 1492 Qui
1069 1453 1230 1492 degentem
1254 1455 1410 1487 servulum

1030 1498 1092 1529 Hic
1115 1500 1182 1530 sine
1204 1501 1357 1538 quaerelis

986 1545 1081 1576 Vexit
1103 1546 1143 1576 ad
1164 1546 1323 1585 palatium,

1032 1590 1095 1621 Ubi
1120 1591 1252 1629 demptis
1277 1592 1352 1623 velis

983 1636 1080 1667 Videt
1101 1637 1218 1675 absque
1240 1638 1346 1669 nubilo

987 1682 1112 1713 Faciem
1136 1683 1169 1713 in
1190 1683 1289 1721 jubilo

1031 1728 1203 1768 Regnantis
1226 1730 1259 1761 in
1285 1731 1388 1764 caelis.

1055 1802 1100 1833 In
1125 1804 1155 1834 2.
1181 1803 1390 1844 Vesperis.

1108 1857 1154 1884 Ad
1171 1857 1347 1893 Mag-nificat.

957 1928 963 1934 .
990 1905 1014 1936 O
1040 1905 1201 1944 Rumolde,
1228 1906 1306 1938 coeli
1331 1917 1414 1948 rosa,

991 1951 1074 1989 Quae
1094 1952 1159 1990 J'am
1182 1951 1215 1983 in
1238 1955 1303 1984 tam
1326 1955 1466 1993 speciosa

1034 1997 1128 2036 Regis
1152 1997 1354 2031 tabernacula

989 2043 1129 2074 Introisti
1154 2052 1222 2075 cum
1244 2046 1366 2086 decore,

993 2089 1080 2128 Quod
1104 2091 1208 2129 sitisti,
1233 2092 1325 2130 pleno
1351 2102 1405 2125 ore

1037 2134 1183 2176 GustanS,
1207 2146 1265 2176 per
1288 2142 1320 2170 te
1344 2143 1467 2173 macula

991 2182 1190 2214 Peccator-um
1217 2184 1357 2218 deleatur

991 2228 1034 2260 Et
1057 2232 1202 2261 aeternae
1227 2232 1405 2266 conferatur

1036 2275 1128 2308 Vitae
1150 2277 1239 2309 nobis
1264 2280 1373 2320 gloria.
