<?xml version="1.0" encoding="UTF-8"?>
<!DOCTYPE html PUBLIC "-//W3C//DTD XHTML 1.0 Transitional//EN"
    "http://www.w3.org/TR/xhtml1/DTD/xhtml1-transitional.dtd">
<html xmlns="http://www.w3.org/1999/xhtml" xml:lang="en" lang="en">
 <head>
  <title>
</title>
<meta http-equiv="Content-Type" content="text/html;charset=utf-8" />
  <meta name='ocr-system' content='tesseract 3.04.00' />
  <meta name='ocr-capabilities' content='ocr_page ocr_carea ocr_par ocr_line ocrx_word'/>
</head>
<body>
  <div class='ocr_page' id='page_1' title='image "./analectahymnica13drevuoft_00184.png"; bbox 0 0 1674 2492; ppageno 0'>
   <div class='ocr_carea' id='block_1_1' title="bbox 651 77 903 111">
    <p class='ocr_par' dir='ltr' id='par_1_1' title="bbox 651 77 903 111">
     <span class='ocr_line' id='line_1_1' title="bbox 651 77 903 111; baseline 0.004 -1"><span class='ocrx_word' id='word_1_1' title='bbox 651 77 903 111; x_wconf 85' lang='lat'>—181—</span> 
     </span>
    </p>
   </div>
   <div class='ocr_carea' id='block_1_2' title="bbox 273 168 625 268">
    <p class='ocr_par' dir='ltr' id='par_1_2' title="bbox 273 168 625 268">
     <span class='ocr_line' id='line_1_2' title="bbox 273 168 625 203; baseline 0.011 -4"><span class='ocrx_word' id='word_1_2' title='bbox 273 168 318 199; x_wconf 89' lang='lat' dir='ltr'>In</span> <span class='ocrx_word' id='word_1_3' title='bbox 344 170 375 201; x_wconf 87' lang='grc'>3.</span> <span class='ocrx_word' id='word_1_4' title='bbox 401 170 625 203; x_wconf 80' lang='lat' dir='ltr'>Nocturno.</span> 
     </span>
     <span class='ocr_line' id='line_1_3' title="bbox 349 233 542 268; baseline 0.005 -8"><span class='ocrx_word' id='word_1_5' title='bbox 349 233 542 268; x_wconf 76' lang='lat' dir='ltr'>Antiplionae.</span> 
     </span>
    </p>
   </div>
   <div class='ocr_carea' id='block_1_3' title="bbox 150 289 534 320">
    <p class='ocr_par' dir='ltr' id='par_1_3' title="bbox 150 289 534 320">
     <span class='ocr_line' id='line_1_4' title="bbox 150 289 534 320; baseline 0 0"><span class='ocrx_word' id='word_1_6' title='bbox 150 289 181 320; x_wconf 86' lang='lat'>1.</span> <span class='ocrx_word' id='word_1_7' title='bbox 208 290 236 319; x_wconf 87' lang='lat' dir='ltr'>A</span> <span class='ocrx_word' id='word_1_8' title='bbox 261 289 375 320; x_wconf 87' lang='lat' dir='ltr'>mundo</span> <span class='ocrx_word' id='word_1_9' title='bbox 400 290 534 320; x_wconf 88' lang='lat' dir='ltr'>mundus</span> 
     </span>
    </p>
   </div>
   <div class='ocr_carea' id='block_1_4' title="bbox 205 335 633 468">
    <p class='ocr_par' dir='ltr' id='par_1_4' title="bbox 205 335 633 468">
     <span class='ocr_line' id='line_1_5' title="bbox 254 335 633 373; baseline 0.005 -7"><span class='ocrx_word' id='word_1_10' title='bbox 254 338 282 366; x_wconf 89' lang='lat' dir='ltr'>ct</span> <span class='ocrx_word' id='word_1_11' title='bbox 305 335 444 373; x_wconf 70' lang='lat' dir='ltr'>,iustitias</span> <span class='ocrx_word' id='word_1_12' title='bbox 466 336 633 368; x_wconf 87' lang='lat' dir='ltr'>meditatus</span> 
     </span>
     <span class='ocr_line' id='line_1_6' title="bbox 205 381 530 413; baseline 0.003 -1"><span class='ocrx_word' id='word_1_13' title='bbox 205 382 314 413; x_wconf 81' lang='lat' dir='ltr'>Monte</span> <span class='ocrx_word' id='word_1_14' title='bbox 338 381 397 412; x_wconf 90' lang='lat' dir='ltr'>Dei</span> <span class='ocrx_word' id='word_1_15' title='bbox 422 385 530 413; x_wconf 86' lang='lat' dir='ltr'>sancto</span> 
     </span>
     <span class='ocr_line' id='line_1_7' title="bbox 252 427 607 468; baseline 0.003 -9"><span class='ocrx_word' id='word_1_16' title='bbox 252 427 403 459; x_wconf 85' lang='lat' dir='ltr'>scandere</span> <span class='ocrx_word' id='word_1_17' title='bbox 426 429 607 468; x_wconf 80' lang='lat' dir='ltr'>promeruit.</span> 
     </span>
    </p>
   </div>
   <div class='ocr_carea' id='block_1_5' title="bbox 149 483 476 515">
    <p class='ocr_par' dir='ltr' id='par_1_5' title="bbox 149 483 476 515">
     <span class='ocr_line' id='line_1_8' title="bbox 149 483 476 515; baseline 0 0"><span class='ocrx_word' id='word_1_18' title='bbox 149 485 180 515; x_wconf 84' lang='lat'>2.</span> <span class='ocrx_word' id='word_1_19' title='bbox 206 483 357 515; x_wconf 76' lang='lat' dir='ltr'>Divinam</span> <span class='ocrx_word' id='word_1_20' title='bbox 378 484 476 515; x_wconf 82' lang='lat' dir='ltr'>vitam</span> 
     </span>
    </p>
   </div>
   <div class='ocr_carea' id='block_1_6' title="bbox 208 530 694 661">
    <p class='ocr_par' dir='ltr' id='par_1_6' title="bbox 208 530 694 661">
     <span class='ocr_line' id='line_1_9' title="bbox 256 530 694 570; baseline 0.002 -9"><span class='ocrx_word' id='word_1_21' title='bbox 256 537 380 568; x_wconf 83' lang='lat' dir='ltr'>semper</span> <span class='ocrx_word' id='word_1_22' title='bbox 405 538 437 561; x_wconf 89' lang='lat' dir='ltr'>es</span> <span class='ocrx_word' id='word_1_23' title='bbox 464 530 577 569; x_wconf 82' lang='lat' dir='ltr'>degere</span> <span class='ocrx_word' id='word_1_24' title='bbox 602 532 694 570; x_wconf 87' lang='lat' dir='ltr'>visus,</span> 
     </span>
     <span class='ocr_line' id='line_1_10' title="bbox 208 576 529 615; baseline 0 -8"><span class='ocrx_word' id='word_1_25' title='bbox 208 576 365 615; x_wconf 81' lang='lat' dir='ltr'>Deinceps</span> <span class='ocrx_word' id='word_1_26' title='bbox 391 576 529 608; x_wconf 86' lang='lat' dir='ltr'>divinum</span> 
     </span>
     <span class='ocr_line' id='line_1_11' title="bbox 253 624 657 661; baseline 0.002 -8"><span class='ocrx_word' id='word_1_27' title='bbox 253 624 451 661; x_wconf 85' lang='lat' dir='ltr'>consequeris</span> <span class='ocrx_word' id='word_1_28' title='bbox 475 624 657 661; x_wconf 86' lang='lat' dir='ltr'>praemium.</span> 
     </span>
    </p>
   </div>
   <div class='ocr_carea' id='block_1_7' title="bbox 152 678 443 711">
    <p class='ocr_par' dir='ltr' id='par_1_7' title="bbox 152 678 443 711">
     <span class='ocr_line' id='line_1_12' title="bbox 152 678 443 711; baseline -0.01 0"><span class='ocrx_word' id='word_1_29' title='bbox 152 680 182 711; x_wconf 82' lang='lat'>3.</span> <span class='ocrx_word' id='word_1_30' title='bbox 210 678 318 710; x_wconf 89' lang='lat' dir='ltr'>Ivonis</span> <span class='ocrx_word' id='word_1_31' title='bbox 343 679 443 709; x_wconf 81' lang='lat' dir='ltr'>sancti</span> 
     </span>
    </p>
   </div>
   <div class='ocr_carea' id='block_1_8' title="bbox 207 724 751 848">
    <p class='ocr_par' dir='ltr' id='par_1_8' title="bbox 207 724 751 848">
     <span class='ocr_line' id='line_1_13' title="bbox 250 724 751 766; baseline 0 -11"><span class='ocrx_word' id='word_1_32' title='bbox 250 724 405 766; x_wconf 84' lang='lat' dir='ltr'>precibus,</span> <span class='ocrx_word' id='word_1_33' title='bbox 433 724 484 764; x_wconf 83' lang='lat' dir='ltr'>qui</span> <span class='ocrx_word' id='word_1_34' title='bbox 502 727 613 755; x_wconf 88' lang='lat' dir='ltr'>cuncta</span> <span class='ocrx_word' id='word_1_35' title='bbox 630 726 751 764; x_wconf 83' lang='lat' dir='ltr'>creasti,</span> 
     </span>
     <span class='ocr_line' id='line_1_14' title="bbox 207 770 467 811; baseline -0.008 -8"><span class='ocrx_word' id='word_1_36' title='bbox 207 772 314 811; x_wconf 84' lang='lat' dir='ltr'>Regno</span> <span class='ocrx_word' id='word_1_37' title='bbox 340 770 467 802; x_wconf 89' lang='lat' dir='ltr'>coelesti</span> 
     </span>
     <span class='ocr_line' id='line_1_15' title="bbox 252 815 644 848; baseline 0.003 -1"><span class='ocrx_word' id='word_1_38' title='bbox 252 825 307 848; x_wconf 86' lang='lat' dir='ltr'>nos</span> <span class='ocrx_word' id='word_1_39' title='bbox 331 815 383 847; x_wconf 85' lang='lat' dir='ltr'>fac</span> <span class='ocrx_word' id='word_1_40' title='bbox 406 818 438 848; x_wconf 91' lang='lat' dir='ltr'>in</span> <span class='ocrx_word' id='word_1_41' title='bbox 463 815 525 847; x_wconf 88' lang='lat' dir='ltr'>fine</span> <span class='ocrx_word' id='word_1_42' title='bbox 549 817 644 848; x_wconf 88' lang='lat' dir='ltr'>beari.</span> 
     </span>
    </p>
   </div>
   <div class='ocr_carea' id='block_1_9' title="bbox 344 890 546 925">
    <p class='ocr_par' dir='ltr' id='par_1_9' title="bbox 344 890 546 925">
     <span class='ocr_line' id='line_1_16' title="bbox 344 890 546 925; baseline -0.01 -8"><span class='ocrx_word' id='word_1_43' title='bbox 344 890 546 925; x_wconf 86' lang='lat' dir='ltr'>Responsoria.</span> 
     </span>
    </p>
   </div>
   <div class='ocr_carea' id='block_1_10' title="bbox 153 947 600 986">
    <p class='ocr_par' dir='ltr' id='par_1_10' title="bbox 153 947 600 986">
     <span class='ocr_line' id='line_1_17' title="bbox 153 947 600 986; baseline -0.009 -5"><span class='ocrx_word' id='word_1_44' title='bbox 153 948 181 981; x_wconf 85' lang='grc'>1.</span> <span class='ocrx_word' id='word_1_45' title='bbox 207 947 377 986; x_wconf 76' lang='lat' dir='ltr'>Presbyter</span> <span class='ocrx_word' id='word_1_46' title='bbox 400 947 452 977; x_wconf 87' lang='lat' dir='ltr'>hic</span> <span class='ocrx_word' id='word_1_47' title='bbox 475 949 600 978; x_wconf 89' lang='lat' dir='ltr'>sanctus</span> 
     </span>
    </p>
   </div>
   <div class='ocr_carea' id='block_1_11' title="bbox 172 993 749 1496">
    <p class='ocr_par' dir='ltr' id='par_1_11' title="bbox 206 993 749 1072">
     <span class='ocr_line' id='line_1_18' title="bbox 252 993 749 1033; baseline -0.002 -9"><span class='ocrx_word' id='word_1_48' title='bbox 252 993 376 1025; x_wconf 86' lang='lat' dir='ltr'>habitus</span> <span class='ocrx_word' id='word_1_49' title='bbox 386 996 442 1033; x_wconf 87' lang='lat' dir='ltr'>est,</span> <span class='ocrx_word' id='word_1_50' title='bbox 454 993 500 1023; x_wconf 89' lang='lat' dir='ltr'>sic</span> <span class='ocrx_word' id='word_1_51' title='bbox 509 1002 629 1032; x_wconf 85' lang='lat' dir='ltr'>quoque</span> <span class='ocrx_word' id='word_1_52' title='bbox 639 993 749 1031; x_wconf 86' lang='lat' dir='ltr'>dictus,</span> 
     </span>
     <span class='ocr_line' id='line_1_19' title="bbox 206 1040 473 1072; baseline -0.007 0"><span class='ocrx_word' id='word_1_53' title='bbox 206 1041 302 1072; x_wconf 78' lang='lat' dir='ltr'>Binas</span> <span class='ocrx_word' id='word_1_54' title='bbox 328 1040 473 1070; x_wconf 82' lang='lat' dir='ltr'>eeclesias</span> 
     </span>
    </p>

    <p class='ocr_par' dir='ltr' id='par_1_12' title="bbox 172 1085 644 1263">
     <span class='ocr_line' id='line_1_20' title="bbox 252 1085 644 1123; baseline 0 -7"><span class='ocrx_word' id='word_1_55' title='bbox 252 1086 426 1117; x_wconf 80' lang='lat' dir='ltr'>successive</span> <span class='ocrx_word' id='word_1_56' title='bbox 450 1085 530 1116; x_wconf 87' lang='lat' dir='ltr'>bene</span> <span class='ocrx_word' id='word_1_57' title='bbox 554 1086 644 1123; x_wconf 85' lang='lat' dir='ltr'>rexit,</span> 
     </span>
     <span class='ocr_line' id='line_1_21' title="bbox 172 1132 569 1171; baseline -0.008 -6"><span class='ocrx_word' id='word_1_58' title='bbox 172 1159 179 1165; x_wconf 96' lang='lat'>.</span> <span class='ocrx_word' id='word_1_59' title='bbox 205 1133 271 1164; x_wconf 88' lang='lat' dir='ltr'>Has</span> <span class='ocrx_word' id='word_1_60' title='bbox 297 1132 402 1171; x_wconf 89' lang='lat' dir='ltr'>verbo,</span> <span class='ocrx_word' id='word_1_61' title='bbox 429 1132 569 1170; x_wconf 85' lang='lat' dir='ltr'>exemplo</span> 
     </span>
     <span class='ocr_line' id='line_1_22' title="bbox 253 1178 574 1217; baseline -0.006 -7"><span class='ocrx_word' id='word_1_62' title='bbox 253 1178 454 1217; x_wconf 85' lang='lat' dir='ltr'>subsidioque</span> <span class='ocrx_word' id='word_1_63' title='bbox 478 1179 574 1216; x_wconf 86' lang='lat' dir='ltr'>pavit.</span> 
     </span>
     <span class='ocr_line' id='line_1_23' title="bbox 176 1226 498 1263; baseline -0.012 -5"><span class='ocrx_word' id='word_1_64' title='bbox 176 1251 182 1258; x_wconf 95' lang='lat'>.</span> <span class='ocrx_word' id='word_1_65' title='bbox 207 1226 333 1263; x_wconf 78' lang='lat' dir='ltr'>Hospes</span> <span class='ocrx_word' id='word_1_66' title='bbox 356 1227 498 1255; x_wconf 87' lang='lat' dir='ltr'>terrenus</span> 
     </span>
    </p>

    <p class='ocr_par' dir='ltr' id='par_1_13' title="bbox 207 1270 683 1351">
     <span class='ocr_line' id='line_1_24' title="bbox 254 1270 683 1309; baseline -0.005 -7"><span class='ocrx_word' id='word_1_67' title='bbox 254 1271 403 1302; x_wconf 86' lang='lat' dir='ltr'>coelestes</span> <span class='ocrx_word' id='word_1_68' title='bbox 429 1270 562 1302; x_wconf 87' lang='lat' dir='ltr'>consulis</span> <span class='ocrx_word' id='word_1_69' title='bbox 587 1271 683 1309; x_wconf 87' lang='lat' dir='ltr'>aulas,</span> 
     </span>
     <span class='ocr_line' id='line_1_25' title="bbox 207 1317 478 1351; baseline -0.011 -1"><span class='ocrx_word' id='word_1_70' title='bbox 207 1319 290 1351; x_wconf 89' lang='lat' dir='ltr'>Civis</span> <span class='ocrx_word' id='word_1_71' title='bbox 316 1317 478 1348; x_wconf 88' lang='lat' dir='ltr'>aethereus</span> 
     </span>
    </p>

    <p class='ocr_par' dir='ltr' id='par_1_14' title="bbox 175 1362 687 1496">
     <span class='ocr_line' id='line_1_26' title="bbox 253 1362 668 1402; baseline -0.007 -7"><span class='ocrx_word' id='word_1_72' title='bbox 253 1367 287 1395; x_wconf 92' lang='lat' dir='ltr'>tu</span> <span class='ocrx_word' id='word_1_73' title='bbox 310 1363 397 1402; x_wconf 84' lang='lat' dir='ltr'>pacis</span> <span class='ocrx_word' id='word_1_74' title='bbox 420 1362 529 1394; x_wconf 89' lang='lat' dir='ltr'>nuntia</span> <span class='ocrx_word' id='word_1_75' title='bbox 551 1364 668 1402; x_wconf 86' lang='lat' dir='ltr'>portas,</span> 
     </span>
     <span class='ocr_line' id='line_1_27' title="bbox 175 1407 537 1449; baseline -0.008 -7"><span class='ocrx_word' id='word_1_76' title='bbox 175 1436 182 1443; x_wconf 95' lang='lat'>.</span> <span class='ocrx_word' id='word_1_77' title='bbox 207 1410 404 1449; x_wconf 72' lang='lat' dir='ltr'>Tudguaium</span> <span class='ocrx_word' id='word_1_78' title='bbox 428 1407 537 1440; x_wconf 84' lang='lat' dir='ltr'>affatus</span> 
     </span>
     <span class='ocr_line' id='line_1_28' title="bbox 253 1456 687 1496; baseline -0.007 -9"><span class='ocrx_word' id='word_1_79' title='bbox 253 1456 393 1496; x_wconf 78' lang='lat' dir='ltr'>paradisi</span> <span class='ocrx_word' id='word_1_80' title='bbox 419 1456 550 1495; x_wconf 87' lang='lat' dir='ltr'>pignora</span> <span class='ocrx_word' id='word_1_81' title='bbox 573 1457 687 1494; x_wconf 68' lang='lat' dir='ltr'>gustas</span> 
     </span>
    </p>
   </div>
   <div class='ocr_carea' id='block_1_12' title="bbox 171 1512 750 1782">
    <p class='ocr_par' dir='ltr' id='par_1_15' title="bbox 174 1512 461 1552">
     <span class='ocr_line' id='line_1_29' title="bbox 174 1512 461 1552; baseline -0.01 -7"><span class='ocrx_word' id='word_1_82' title='bbox 174 1538 181 1545; x_wconf 94' lang='lat'><strong>.</strong></span> <span class='ocrx_word' id='word_1_83' title='bbox 207 1512 321 1544; x_wconf 79' lang='lat' dir='ltr'>Vixisti</span> <span class='ocrx_word' id='word_1_84' title='bbox 345 1514 461 1552; x_wconf 79' lang='lat' dir='ltr'>sancte,</span> 
     </span>
    </p>

    <p class='ocr_par' dir='ltr' id='par_1_16' title="bbox 205 1555 622 1644">
     <span class='ocr_line' id='line_1_30' title="bbox 254 1555 622 1596; baseline -0.005 -7"><span class='ocrx_word' id='word_1_85' title='bbox 254 1558 331 1590; x_wconf 81' lang='lat' dir='ltr'>felix</span> <span class='ocrx_word' id='word_1_86' title='bbox 356 1558 423 1589; x_wconf 89' lang='lat' dir='ltr'>obis</span> <span class='ocrx_word' id='word_1_87' title='bbox 448 1555 622 1596; x_wconf 84' lang='lat' dir='ltr'>fruerisque</span> 
     </span>
     <span class='ocr_line' id='line_1_31' title="bbox 205 1603 533 1644; baseline -0.009 -7"><span class='ocrx_word' id='word_1_88' title='bbox 205 1605 351 1637; x_wconf 85' lang='lat' dir='ltr'>Aeternis</span> <span class='ocrx_word' id='word_1_89' title='bbox 376 1603 533 1644; x_wconf 88' lang='lat' dir='ltr'>praemiis,</span> 
     </span>
    </p>

    <p class='ocr_par' dir='ltr' id='par_1_17' title="bbox 171 1649 750 1782">
     <span class='ocr_line' id='line_1_32' title="bbox 252 1649 750 1691; baseline -0.006 -8"><span class='ocrx_word' id='word_1_90' title='bbox 252 1651 373 1691; x_wconf 84' lang='lat' dir='ltr'>fulgens</span> <span class='ocrx_word' id='word_1_91' title='bbox 398 1650 578 1690; x_wconf 85' lang='lat' dir='ltr'>praeclarus</span> <span class='ocrx_word' id='word_1_92' title='bbox 602 1649 750 1689; x_wconf 89' lang='lat' dir='ltr'>utrisque,</span> 
     </span>
     <span class='ocr_line' id='line_1_33' title="bbox 171 1697 516 1731; baseline -0.012 0"><span class='ocrx_word' id='word_1_93' title='bbox 171 1724 178 1730; x_wconf 95' lang='lat'>.</span> <span class='ocrx_word' id='word_1_94' title='bbox 205 1698 329 1731; x_wconf 89' lang='lat' dir='ltr'>Semitis</span> <span class='ocrx_word' id='word_1_95' title='bbox 353 1698 401 1728; x_wconf 87' lang='lat' dir='ltr'>his</span> <span class='ocrx_word' id='word_1_96' title='bbox 422 1697 516 1729; x_wconf 87' lang='lat' dir='ltr'>rectis</span> 
     </span>
     <span class='ocr_line' id='line_1_34' title="bbox 252 1743 750 1782; baseline -0.004 -7"><span class='ocrx_word' id='word_1_97' title='bbox 252 1753 308 1776; x_wconf 86' lang='lat' dir='ltr'>nos</span> <span class='ocrx_word' id='word_1_98' title='bbox 331 1745 416 1775; x_wconf 86' lang='lat' dir='ltr'>ducis</span> <span class='ocrx_word' id='word_1_99' title='bbox 433 1747 465 1775; x_wconf 91' lang='lat' dir='ltr'>et</span> <span class='ocrx_word' id='word_1_100' title='bbox 480 1744 638 1782; x_wconf 83' lang='lat' dir='ltr'>protrahis</span> <span class='ocrx_word' id='word_1_101' title='bbox 654 1743 695 1774; x_wconf 88' lang='lat' dir='ltr'>ad</span> <span class='ocrx_word' id='word_1_102' title='bbox 712 1745 750 1774; x_wconf 90' lang='lat' dir='ltr'>tc.</span> 
     </span>
    </p>
   </div>
   <div class='ocr_carea' id='block_1_13' title="bbox 302 1836 597 1870">
    <p class='ocr_par' dir='ltr' id='par_1_18' title="bbox 302 1836 597 1870">
     <span class='ocr_line' id='line_1_35' title="bbox 302 1836 597 1870; baseline -0.003 -2"><span class='ocrx_word' id='word_1_103' title='bbox 302 1836 347 1868; x_wconf 90' lang='lat' dir='ltr'>In</span> <span class='ocrx_word' id='word_1_104' title='bbox 371 1836 597 1870; x_wconf 83' lang='lat' dir='ltr'>Laudibus.</span> 
     </span>
    </p>
   </div>
   <div class='ocr_carea' id='block_1_14' title="bbox 348 1900 538 1936">
    <p class='ocr_par' dir='ltr' id='par_1_19' title="bbox 348 1900 538 1936">
     <span class='ocr_line' id='line_1_36' title="bbox 348 1900 538 1936; baseline -0.011 -9"><span class='ocrx_word' id='word_1_105' title='bbox 348 1900 538 1936; x_wconf 85' lang='lat' dir='ltr'>Antiphonae.</span> 
     </span>
    </p>
   </div>
   <div class='ocr_carea' id='block_1_15' title="bbox 171 1958 748 2337">
    <p class='ocr_par' dir='ltr' id='par_1_20' title="bbox 171 1958 748 2337">
     <span class='ocr_line' id='line_1_37' title="bbox 174 1958 449 1992; baseline -0.015 0"><span class='ocrx_word' id='word_1_106' title='bbox 174 1985 180 1992; x_wconf 96' lang='lat'>.</span> <span class='ocrx_word' id='word_1_107' title='bbox 207 1959 318 1991; x_wconf 75' lang='lat' dir='ltr'>Gratia</span> <span class='ocrx_word' id='word_1_108' title='bbox 344 1958 449 1989; x_wconf 86' lang='lat' dir='ltr'>divina</span> 
     </span>
     <span class='ocr_line' id='line_1_38' title="bbox 251 2002 748 2044; baseline -0.012 -6"><span class='ocrx_word' id='word_1_109' title='bbox 251 2007 393 2038; x_wconf 75' lang='lat' dir='ltr'>sanctum</span> <span class='ocrx_word' id='word_1_110' title='bbox 413 2003 630 2044; x_wconf 78' lang='lat' dir='ltr'>praedestinat</span> <span class='ocrx_word' id='word_1_111' title='bbox 644 2002 748 2041; x_wconf 88' lang='lat' dir='ltr'>istum,</span> 
     </span>
     <span class='ocr_line' id='line_1_39' title="bbox 203 2050 593 2092; baseline -0.013 -7"><span class='ocrx_word' id='word_1_112' title='bbox 203 2054 330 2092; x_wconf 77' lang='lat' dir='ltr'>Quoque</span> <span class='ocrx_word' id='word_1_113' title='bbox 353 2052 454 2083; x_wconf 87' lang='lat' dir='ltr'>bonae</span> <span class='ocrx_word' id='word_1_114' title='bbox 477 2050 593 2081; x_wconf 84' lang='lat' dir='ltr'>indolis</span> 
     </span>
     <span class='ocr_line' id='line_1_40' title="bbox 248 2095 556 2138; baseline -0.003 -7"><span class='ocrx_word' id='word_1_115' title='bbox 248 2098 463 2138; x_wconf 86' lang='lat' dir='ltr'>mirabilisque</span> <span class='ocrx_word' id='word_1_116' title='bbox 487 2095 556 2130; x_wconf 89' lang='lat' dir='ltr'>fuit.</span> 
     </span>
     <span class='ocr_line' id='line_1_41' title="bbox 171 2153 560 2194; baseline -0.015 -5"><span class='ocrx_word' id='word_1_117' title='bbox 171 2181 178 2188; x_wconf 96' lang='lat'>.</span> <span class='ocrx_word' id='word_1_118' title='bbox 203 2156 309 2189; x_wconf 80' lang='lat' dir='ltr'>Mater</span> <span class='ocrx_word' id='word_1_119' title='bbox 332 2163 390 2194; x_wconf 87' lang='lat' dir='ltr'>per</span> <span class='ocrx_word' id='word_1_120' title='bbox 415 2153 560 2193; x_wconf 81' lang='lat' dir='ltr'>spiritum</span> 
     </span>
     <span class='ocr_line' id='line_1_42' title="bbox 249 2198 748 2243; baseline -0.014 -8"><span class='ocrx_word' id='word_1_121' title='bbox 249 2202 409 2243; x_wconf 79' lang='lat' dir='ltr'>praedixit</span> <span class='ocrx_word' id='word_1_122' title='bbox 420 2201 504 2233; x_wconf 88' lang='lat' dir='ltr'>hunc</span> <span class='ocrx_word' id='word_1_123' title='bbox 516 2198 585 2231; x_wconf 87' lang='lat' dir='ltr'>fore</span> <span class='ocrx_word' id='word_1_124' title='bbox 597 2200 748 2236; x_wconf 86' lang='lat' dir='ltr'>sanctum,</span> 
     </span>
     <span class='ocr_line' id='line_1_43' title="bbox 201 2247 486 2289; baseline -0.018 -5"><span class='ocrx_word' id='word_1_125' title='bbox 201 2251 355 2289; x_wconf 84' lang='lat' dir='ltr'>Claraque</span> <span class='ocrx_word' id='word_1_126' title='bbox 379 2247 486 2282; x_wconf 84' lang='lat' dir='ltr'>futura</span> 
     </span>
     <span class='ocr_line' id='line_1_44' title="bbox 245 2294 652 2337; baseline -0.01 -8"><span class='ocrx_word' id='word_1_127' title='bbox 245 2297 385 2337; x_wconf 86' lang='lat' dir='ltr'>produnt</span> <span class='ocrx_word' id='word_1_128' title='bbox 412 2294 542 2328; x_wconf 78' lang='lat' dir='ltr'>exordia</span> <span class='ocrx_word' id='word_1_129' title='bbox 564 2303 652 2334; x_wconf 85' lang='lat' dir='ltr'>pura.</span> 
     </span>
    </p>
   </div>
   <div class='ocr_carea' id='block_1_16' title="bbox 819 170 1149 203">
    <p class='ocr_par' dir='ltr' id='par_1_21' title="bbox 819 170 1149 203">
     <span class='ocr_line' id='line_1_45' title="bbox 819 170 1149 203; baseline -0.003 -1"><span class='ocrx_word' id='word_1_130' title='bbox 819 172 849 203; x_wconf 85' lang='lat'>3.</span> <span class='ocrx_word' id='word_1_131' title='bbox 874 170 991 202; x_wconf 86' lang='lat' dir='ltr'>Litoris</span> <span class='ocrx_word' id='word_1_132' title='bbox 1015 171 1149 201; x_wconf 87' lang='lat' dir='ltr'>imbutus</span> 
     </span>
    </p>
   </div>
   <div class='ocr_carea' id='block_1_17' title="bbox 873 217 1314 342">
    <p class='ocr_par' dir='ltr' id='par_1_22' title="bbox 873 217 1314 342">
     <span class='ocr_line' id='line_1_46' title="bbox 922 217 1314 257; baseline -0.008 -8"><span class='ocrx_word' id='word_1_133' title='bbox 922 218 1001 249; x_wconf 89' lang='lat' dir='ltr'>divis</span> <span class='ocrx_word' id='word_1_134' title='bbox 1022 218 1161 256; x_wconf 71' lang='lat' dir='ltr'>‚iurisque</span> <span class='ocrx_word' id='word_1_135' title='bbox 1185 217 1314 257; x_wconf 87' lang='lat' dir='ltr'>peritus,</span> 
     </span>
     <span class='ocr_line' id='line_1_47' title="bbox 873 264 1159 302; baseline -0.003 -7"><span class='ocrx_word' id='word_1_136' title='bbox 873 264 1003 295; x_wconf 86' lang='lat' dir='ltr'>Artibus</span> <span class='ocrx_word' id='word_1_137' title='bbox 1029 264 1159 302; x_wconf 82' lang='lat' dir='ltr'>adeptus</span> 
     </span>
     <span class='ocr_line' id='line_1_48' title="bbox 921 310 1195 342; baseline 0 -1"><span class='ocrx_word' id='word_1_138' title='bbox 921 311 1000 342; x_wconf 77' lang='lat' dir='ltr'>adiit</span> <span class='ocrx_word' id='word_1_139' title='bbox 1023 310 1195 341; x_wconf 87' lang='lat' dir='ltr'>omniscius.</span> 
     </span>
    </p>
   </div>
   <div class='ocr_carea' id='block_1_18' title="bbox 842 370 1272 408">
    <p class='ocr_par' dir='ltr' id='par_1_23' title="bbox 842 370 1272 408">
     <span class='ocr_line' id='line_1_49' title="bbox 842 370 1272 408; baseline -0.002 -7"><span class='ocrx_word' id='word_1_140' title='bbox 842 396 849 401; x_wconf 91' lang='lat'>.</span> <span class='ocrx_word' id='word_1_141' title='bbox 876 370 995 402; x_wconf 87' lang='lat' dir='ltr'>Cuncta</span> <span class='ocrx_word' id='word_1_142' title='bbox 1019 370 1150 401; x_wconf 86' lang='lat' dir='ltr'>ecclesia</span> <span class='ocrx_word' id='word_1_143' title='bbox 1170 373 1272 408; x_wconf 86' lang='lat' dir='ltr'>tuque,</span> 
     </span>
    </p>
   </div>
   <div class='ocr_carea' id='block_1_19' title="bbox 873 416 1350 540">
    <p class='ocr_par' dir='ltr' id='par_1_24' title="bbox 873 416 1350 540">
     <span class='ocr_line' id='line_1_50' title="bbox 919 416 1350 457; baseline 0.002 -10"><span class='ocrx_word' id='word_1_144' title='bbox 919 416 1092 456; x_wconf 79' lang='lat' dir='ltr'>Britannia,</span> <span class='ocrx_word' id='word_1_145' title='bbox 1117 416 1253 448; x_wconf 82' lang='lat' dir='ltr'>Francia</span> <span class='ocrx_word' id='word_1_146' title='bbox 1276 419 1350 457; x_wconf 83' lang='lat' dir='ltr'>tota,</span> 
     </span>
     <span class='ocr_line' id='line_1_51' title="bbox 873 460 1082 493; baseline -0.005 0"><span class='ocrx_word' id='word_1_147' title='bbox 873 463 978 493; x_wconf 89' lang='lat' dir='ltr'>Ivonis</span> <span class='ocrx_word' id='word_1_148' title='bbox 1002 460 1082 493; x_wconf 81' lang='lat' dir='ltr'>festo</span> 
     </span>
     <span class='ocr_line' id='line_1_52' title="bbox 920 508 1312 540; baseline 0.003 -1"><span class='ocrx_word' id='word_1_149' title='bbox 920 509 1022 540; x_wconf 88' lang='lat' dir='ltr'>laetae</span> <span class='ocrx_word' id='word_1_150' title='bbox 1046 508 1222 540; x_wconf 82' lang='lat' dir='ltr'>benedicite</span> <span class='ocrx_word' id='word_1_151' title='bbox 1245 508 1312 540; x_wconf 88' lang='lat' dir='ltr'>Deo</span> 
     </span>
    </p>
   </div>
   <div class='ocr_carea' id='block_1_20' title="bbox 844 569 1168 607">
    <p class='ocr_par' dir='ltr' id='par_1_25' title="bbox 844 569 1168 607">
     <span class='ocr_line' id='line_1_53' title="bbox 844 569 1168 607; baseline 0 -9"><span class='ocrx_word' id='word_1_152' title='bbox 844 592 850 598; x_wconf 92' lang='lat'>.</span> <span class='ocrx_word' id='word_1_153' title='bbox 876 569 941 607; x_wconf 91' lang='lat' dir='ltr'>Ivo,</span> <span class='ocrx_word' id='word_1_154' title='bbox 967 576 1024 607; x_wconf 86' lang='lat' dir='ltr'>pro</span> <span class='ocrx_word' id='word_1_155' title='bbox 1049 569 1168 599; x_wconf 87' lang='lat' dir='ltr'>meritis</span> 
     </span>
    </p>
   </div>
   <div class='ocr_carea' id='block_1_21' title="bbox 873 615 1351 746">
    <p class='ocr_par' dir='ltr' id='par_1_26' title="bbox 873 615 1351 746">
     <span class='ocr_line' id='line_1_54' title="bbox 920 615 1351 653; baseline 0.002 -8"><span class='ocrx_word' id='word_1_156' title='bbox 920 615 1019 646; x_wconf 85' lang='lat' dir='ltr'>celsus</span> <span class='ocrx_word' id='word_1_157' title='bbox 1044 616 1076 645; x_wconf 89' lang='lat' dir='ltr'>tc</span> <span class='ocrx_word' id='word_1_158' title='bbox 1099 615 1227 653; x_wconf 85' lang='lat' dir='ltr'>spiritus</span> <span class='ocrx_word' id='word_1_159' title='bbox 1253 615 1351 646; x_wconf 89' lang='lat' dir='ltr'>omnis</span> 
     </span>
     <span class='ocr_line' id='line_1_55' title="bbox 873 660 1233 700; baseline -0.003 -9"><span class='ocrx_word' id='word_1_160' title='bbox 873 660 1006 699; x_wconf 83' lang='lat' dir='ltr'>Laudat,</span> <span class='ocrx_word' id='word_1_161' title='bbox 1030 662 1126 700; x_wconf 85' lang='lat' dir='ltr'>tuque</span> <span class='ocrx_word' id='word_1_162' title='bbox 1146 663 1233 691; x_wconf 83' lang='lat' dir='ltr'>tuum</span> 
     </span>
     <span class='ocr_line' id='line_1_56' title="bbox 919 705 1257 746; baseline 0.006 -9"><span class='ocrx_word' id='word_1_163' title='bbox 919 705 1059 746; x_wconf 83' lang='lat' dir='ltr'>glorifica</span> <span class='ocrx_word' id='word_1_164' title='bbox 1081 707 1257 739; x_wconf 88' lang='lat' dir='ltr'>Dominum.</span> 
     </span>
    </p>
   </div>
   <div class='ocr_carea' id='block_1_22' title="bbox 989 788 1231 816">
    <p class='ocr_par' dir='ltr' id='par_1_27' title="bbox 989 788 1231 816">
     <span class='ocr_line' id='line_1_57' title="bbox 989 788 1231 816; baseline -0.008 0"><span class='ocrx_word' id='word_1_165' title='bbox 989 788 1034 816; x_wconf 84' lang='lat' dir='ltr'>Ad</span> <span class='ocrx_word' id='word_1_166' title='bbox 1052 789 1231 816; x_wconf 79' lang='lat' dir='ltr'>Benedictus.</span> 
     </span>
    </p>
   </div>
   <div class='ocr_carea' id='block_1_23' title="bbox 841 845 1416 886">
    <p class='ocr_par' dir='ltr' id='par_1_28' title="bbox 841 845 1416 886">
     <span class='ocr_line' id='line_1_58' title="bbox 841 845 1416 886; baseline 0.003 -11"><span class='ocrx_word' id='word_1_167' title='bbox 841 868 847 875; x_wconf 94' lang='lat'>.</span> <span class='ocrx_word' id='word_1_168' title='bbox 872 846 896 877; x_wconf 92' lang='lat' dir='ltr'>O</span> <span class='ocrx_word' id='word_1_169' title='bbox 922 854 1008 884; x_wconf 85' lang='lat' dir='ltr'>spem</span> <span class='ocrx_word' id='word_1_170' title='bbox 1032 845 1159 886; x_wconf 83' lang='lat' dir='ltr'>miram,</span> <span class='ocrx_word' id='word_1_171' title='bbox 1184 853 1276 883; x_wconf 81' lang='lat' dir='ltr'>quam</span> <span class='ocrx_word' id='word_1_172' title='bbox 1302 846 1416 877; x_wconf 81' lang='lat' dir='ltr'>dedisti</span> 
     </span>
    </p>
   </div>
   <div class='ocr_carea' id='block_1_24' title="bbox 870 889 1367 1202">
    <p class='ocr_par' dir='ltr' id='par_1_29' title="bbox 870 889 1367 1202">
     <span class='ocr_line' id='line_1_59' title="bbox 918 889 1363 932; baseline 0.002 -10"><span class='ocrx_word' id='word_1_173' title='bbox 918 891 1030 923; x_wconf 87' lang='lat' dir='ltr'>Mortis</span> <span class='ocrx_word' id='word_1_174' title='bbox 1054 891 1132 922; x_wconf 85' lang='lat' dir='ltr'>hora</span> <span class='ocrx_word' id='word_1_175' title='bbox 1154 894 1186 922; x_wconf 90' lang='lat' dir='ltr'>te</span> <span class='ocrx_word' id='word_1_176' title='bbox 1209 889 1363 932; x_wconf 88' lang='lat' dir='ltr'>flentibus,</span> 
     </span>
     <span class='ocr_line' id='line_1_60' title="bbox 874 937 1299 975; baseline 0 -7"><span class='ocrx_word' id='word_1_177' title='bbox 874 937 954 968; x_wconf 86' lang='lat' dir='ltr'>Dum</span> <span class='ocrx_word' id='word_1_178' title='bbox 980 937 1156 969; x_wconf 80' lang='lat' dir='ltr'>valedicens</span> <span class='ocrx_word' id='word_1_179' title='bbox 1183 937 1299 975; x_wconf 83' lang='lat' dir='ltr'>dixisti,</span> 
     </span>
     <span class='ocr_line' id='line_1_61' title="bbox 917 982 1367 1028; baseline 0.002 -14"><span class='ocrx_word' id='word_1_180' title='bbox 917 984 963 1015; x_wconf 86' lang='lat' dir='ltr'>Te</span> <span class='ocrx_word' id='word_1_181' title='bbox 986 982 1183 1023; x_wconf 87' lang='lat' dir='ltr'>profuturum</span> <span class='ocrx_word' id='word_1_182' title='bbox 1207 984 1367 1028; x_wconf 80' lang='lat' dir='ltr'>gentibus;</span> 
     </span>
     <span class='ocr_line' id='line_1_62' title="bbox 872 1029 1314 1069; baseline 0 -8"><span class='ocrx_word' id='word_1_183' title='bbox 872 1031 982 1069; x_wconf 83' lang='lat' dir='ltr'>Implo,</span> <span class='ocrx_word' id='word_1_184' title='bbox 1007 1032 1107 1068; x_wconf 85' lang='lat' dir='ltr'>pater,</span> <span class='ocrx_word' id='word_1_185' title='bbox 1131 1029 1314 1069; x_wconf 80' lang='lat' dir='ltr'>promisisti,</span> 
     </span>
     <span class='ocr_line' id='line_1_63' title="bbox 918 1076 1334 1115; baseline 0.005 -9"><span class='ocrx_word' id='word_1_186' title='bbox 918 1076 983 1107; x_wconf 87' lang='lat' dir='ltr'>Nos</span> <span class='ocrx_word' id='word_1_187' title='bbox 1008 1076 1068 1106; x_wconf 88' lang='lat' dir='ltr'>tuis</span> <span class='ocrx_word' id='word_1_188' title='bbox 1090 1077 1165 1114; x_wconf 88' lang='lat' dir='ltr'>juva</span> <span class='ocrx_word' id='word_1_189' title='bbox 1188 1076 1334 1115; x_wconf 86' lang='lat' dir='ltr'>precibus</span> 
     </span>
     <span class='ocr_line' id='line_1_64' title="bbox 870 1121 1361 1161; baseline 0.002 -8"><span class='ocrx_word' id='word_1_190' title='bbox 870 1122 915 1153; x_wconf 87' lang='lat' dir='ltr'>Et</span> <span class='ocrx_word' id='word_1_191' title='bbox 938 1126 1010 1161; x_wconf 90' lang='lat' dir='ltr'>post</span> <span class='ocrx_word' id='word_1_192' title='bbox 1030 1124 1062 1152; x_wconf 90' lang='lat' dir='ltr'>te</span> <span class='ocrx_word' id='word_1_193' title='bbox 1086 1121 1137 1153; x_wconf 80' lang='lat' dir='ltr'>fao</span> <span class='ocrx_word' id='word_1_194' title='bbox 1161 1131 1220 1161; x_wconf 87' lang='lat' dir='ltr'>ope</span> <span class='ocrx_word' id='word_1_195' title='bbox 1246 1122 1361 1154; x_wconf 75' lang='lat' dir='ltr'>Christi</span> 
     </span>
     <span class='ocr_line' id='line_1_65' title="bbox 917 1168 1339 1202; baseline 0.005 -3"><span class='ocrx_word' id='word_1_196' title='bbox 917 1169 994 1200; x_wconf 84' lang='lat' dir='ltr'>Frui</span> <span class='ocrx_word' id='word_1_197' title='bbox 1020 1177 1087 1199; x_wconf 89' lang='lat' dir='ltr'>cum</span> <span class='ocrx_word' id='word_1_198' title='bbox 1110 1169 1190 1200; x_wconf 86' lang='lat' dir='ltr'>coeli</span> <span class='ocrx_word' id='word_1_199' title='bbox 1211 1168 1339 1202; x_wconf 68' lang='lat' dir='ltr'>civibus.</span> 
     </span>
    </p>
   </div>
   <div class='ocr_carea' id='block_1_25' title="bbox 940 1278 1280 1387">
    <p class='ocr_par' dir='ltr' id='par_1_30' title="bbox 940 1278 1280 1387">
     <span class='ocr_line' id='line_1_66' title="bbox 940 1278 1280 1318; baseline 0.003 -8"><span class='ocrx_word' id='word_1_200' title='bbox 940 1278 986 1310; x_wconf 88' lang='lat' dir='ltr'>In</span> <span class='ocrx_word' id='word_1_201' title='bbox 1013 1280 1042 1309; x_wconf 86' lang='lat'>2.</span> <span class='ocrx_word' id='word_1_202' title='bbox 1069 1279 1280 1318; x_wconf 86' lang='lat' dir='ltr'>VesperiS.</span> 
     </span>
     <span class='ocr_line' id='line_1_67' title="bbox 990 1349 1228 1387; baseline -0.004 -9"><span class='ocrx_word' id='word_1_203' title='bbox 990 1351 1035 1378; x_wconf 86' lang='lat' dir='ltr'>Ad</span> <span class='ocrx_word' id='word_1_204' title='bbox 1054 1349 1228 1387; x_wconf 78' lang='lat' dir='ltr'>Magnificat.</span> 
     </span>
    </p>
   </div>
   <div class='ocr_carea' id='block_1_26' title="bbox 839 1408 1052 1449">
    <p class='ocr_par' dir='ltr' id='par_1_31' title="bbox 839 1408 1052 1449">
     <span class='ocr_line' id='line_1_68' title="bbox 839 1408 1052 1449; baseline -0.005 -9"><span class='ocrx_word' id='word_1_205' title='bbox 839 1434 845 1440; x_wconf 92' lang='lat'><strong><em>.</em></strong></span> <span class='ocrx_word' id='word_1_206' title='bbox 869 1408 962 1439; x_wconf 73' lang='lat' dir='ltr'>Felix</span> <span class='ocrx_word' id='word_1_207' title='bbox 985 1409 1052 1449; x_wconf 76' lang='lat' dir='ltr'>lvo,</span> 
     </span>
    </p>
   </div>
   <div class='ocr_carea' id='block_1_27' title="bbox 869 1455 1277 2334">
    <p class='ocr_par' dir='ltr' id='par_1_32' title="bbox 872 1455 1185 1540">
     <span class='ocr_line' id='line_1_69' title="bbox 918 1455 1185 1494; baseline 0.004 -9"><span class='ocrx_word' id='word_1_208' title='bbox 918 1463 1008 1493; x_wconf 84' lang='lat' dir='ltr'>quem</span> <span class='ocrx_word' id='word_1_209' title='bbox 1032 1455 1185 1494; x_wconf 82' lang='lat' dir='ltr'>sapientia</span> 
     </span>
     <span class='ocr_line' id='line_1_70' title="bbox 872 1500 1054 1540; baseline -0.005 -8"><span class='ocrx_word' id='word_1_210' title='bbox 872 1500 931 1532; x_wconf 86' lang='lat' dir='ltr'>Dei</span> <span class='ocrx_word' id='word_1_211' title='bbox 955 1501 1054 1540; x_wconf 87' lang='lat' dir='ltr'>patris</span> 
     </span>
    </p>

    <p class='ocr_par' dir='ltr' id='par_1_33' title="bbox 874 1546 1168 1632">
     <span class='ocr_line' id='line_1_71' title="bbox 917 1546 1168 1587; baseline 0 -9"><span class='ocrx_word' id='word_1_212' title='bbox 917 1547 1038 1586; x_wconf 85' lang='lat' dir='ltr'>optavit</span> <span class='ocrx_word' id='word_1_213' title='bbox 1061 1546 1168 1587; x_wconf 80' lang='lat' dir='ltr'>filiurn,</span> 
     </span>
     <span class='ocr_line' id='line_1_72' title="bbox 874 1592 1167 1632; baseline 0 -7"><span class='ocrx_word' id='word_1_214' title='bbox 874 1592 968 1632; x_wconf 87' lang='lat' dir='ltr'>Cujus</span> <span class='ocrx_word' id='word_1_215' title='bbox 992 1594 1167 1625; x_wconf 83' lang='lat' dir='ltr'>sanctitatis</span> 
     </span>
    </p>

    <p class='ocr_par' dir='ltr' id='par_1_34' title="bbox 871 1640 1236 1719">
     <span class='ocr_line' id='line_1_73' title="bbox 917 1640 1236 1681; baseline -0.006 -9"><span class='ocrx_word' id='word_1_216' title='bbox 917 1640 1090 1679; x_wconf 85' lang='lat' dir='ltr'>praemittit</span> <span class='ocrx_word' id='word_1_217' title='bbox 1115 1641 1236 1681; x_wconf 84' lang='lat' dir='ltr'>gaudia,</span> 
     </span>
     <span class='ocr_line' id='line_1_74' title="bbox 871 1686 1057 1719; baseline 0 -2"><span class='ocrx_word' id='word_1_218' title='bbox 871 1686 986 1719; x_wconf 88' lang='lat' dir='ltr'>Matris</span> <span class='ocrx_word' id='word_1_219' title='bbox 1011 1688 1057 1717; x_wconf 90' lang='lat' dir='ltr'>ori</span> 
     </span>
    </p>

    <p class='ocr_par' dir='ltr' id='par_1_35' title="bbox 873 1733 1208 1819">
     <span class='ocr_line' id='line_1_75' title="bbox 919 1733 1208 1771; baseline 0 -7"><span class='ocrx_word' id='word_1_220' title='bbox 919 1734 996 1765; x_wconf 88' lang='lat' dir='ltr'>dans</span> <span class='ocrx_word' id='word_1_221' title='bbox 1019 1733 1208 1771; x_wconf 86' lang='lat' dir='ltr'>vaticinium,</span> 
     </span>
     <span class='ocr_line' id='line_1_76' title="bbox 873 1778 1144 1819; baseline -0.004 -8"><span class='ocrx_word' id='word_1_222' title='bbox 873 1779 966 1819; x_wconf 74' lang='lat' dir='ltr'>Cuius</span> <span class='ocrx_word' id='word_1_223' title='bbox 991 1778 1144 1811; x_wconf 80' lang='lat' dir='ltr'>infantiae</span> 
     </span>
    </p>

    <p class='ocr_par' dir='ltr' id='par_1_36' title="bbox 873 1827 1142 1911">
     <span class='ocr_line' id='line_1_77' title="bbox 916 1827 1142 1865; baseline 0.004 -8"><span class='ocrx_word' id='word_1_224' title='bbox 916 1827 987 1865; x_wconf 86' lang='lat' dir='ltr'>ipsa</span> <span class='ocrx_word' id='word_1_225' title='bbox 1013 1827 1142 1858; x_wconf 82' lang='lat' dir='ltr'>exordia</span> 
     </span>
     <span class='ocr_line' id='line_1_78' title="bbox 873 1872 1116 1911; baseline 0 -8"><span class='ocrx_word' id='word_1_226' title='bbox 873 1872 1030 1904; x_wconf 85' lang='lat' dir='ltr'>Virtutum</span> <span class='ocrx_word' id='word_1_227' title='bbox 1050 1873 1116 1911; x_wconf 76' lang='lat' dir='ltr'>Jam</span> 
     </span>
    </p>

    <p class='ocr_par' dir='ltr' id='par_1_37' title="bbox 872 1919 1250 2005">
     <span class='ocr_line' id='line_1_79' title="bbox 917 1919 1235 1958; baseline -0.003 -8"><span class='ocrx_word' id='word_1_228' title='bbox 917 1922 1008 1950; x_wconf 90' lang='lat' dir='ltr'>sonat</span> <span class='ocrx_word' id='word_1_229' title='bbox 1030 1919 1235 1958; x_wconf 82' lang='lat' dir='ltr'>praeludium,</span> 
     </span>
     <span class='ocr_line' id='line_1_80' title="bbox 872 1965 1250 2005; baseline 0.003 -9"><span class='ocrx_word' id='word_1_230' title='bbox 872 1965 1043 1997; x_wconf 84' lang='lat' dir='ltr'>Doctrinae</span> <span class='ocrx_word' id='word_1_231' title='bbox 1067 1968 1099 1996; x_wconf 82' lang='lat' dir='ltr'>et</span> <span class='ocrx_word' id='word_1_232' title='bbox 1122 1974 1250 2005; x_wconf 87' lang='lat' dir='ltr'>operum</span> 
     </span>
    </p>

    <p class='ocr_par' dir='ltr' id='par_1_38' title="bbox 871 2013 1174 2093">
     <span class='ocr_line' id='line_1_81' title="bbox 919 2013 1142 2045; baseline -0.004 -2"><span class='ocrx_word' id='word_1_233' title='bbox 919 2013 1032 2043; x_wconf 88' lang='lat' dir='ltr'>merita</span> <span class='ocrx_word' id='word_1_234' title='bbox 1053 2013 1142 2045; x_wconf 82' lang='lat' dir='ltr'>varia</span> 
     </span>
     <span class='ocr_line' id='line_1_82' title="bbox 871 2059 1174 2093; baseline 0 -3"><span class='ocrx_word' id='word_1_235' title='bbox 871 2059 1029 2093; x_wconf 85' lang='lat' dir='ltr'>Praebent</span> <span class='ocrx_word' id='word_1_236' title='bbox 1055 2059 1174 2090; x_wconf 87' lang='lat' dir='ltr'>cunctis</span> 
     </span>
    </p>

    <p class='ocr_par' dir='ltr' id='par_1_39' title="bbox 869 2105 1277 2193">
     <span class='ocr_line' id='line_1_83' title="bbox 916 2105 1277 2147; baseline 0 -10"><span class='ocrx_word' id='word_1_237' title='bbox 916 2105 1115 2145; x_wconf 89' lang='lat' dir='ltr'>splendidum</span> <span class='ocrx_word' id='word_1_238' title='bbox 1142 2105 1277 2147; x_wconf 64' lang='lat' dir='ltr'>radium,</span> 
     </span>
     <span class='ocr_line' id='line_1_84' title="bbox 869 2153 1235 2193; baseline -0.003 -8"><span class='ocrx_word' id='word_1_239' title='bbox 869 2153 1021 2185; x_wconf 83' lang='lat' dir='ltr'>Votorum</span> <span class='ocrx_word' id='word_1_240' title='bbox 1046 2161 1235 2193; x_wconf 87' lang='lat' dir='ltr'>precumque</span> 
     </span>
    </p>

    <p class='ocr_par' dir='ltr' id='par_1_40' title="bbox 873 2199 1158 2279">
     <span class='ocr_line' id='line_1_85' title="bbox 916 2199 1158 2240; baseline 0.004 -10"><span class='ocrx_word' id='word_1_241' title='bbox 916 2200 986 2239; x_wconf 85' lang='lat' dir='ltr'>ipsa</span> <span class='ocrx_word' id='word_1_242' title='bbox 1009 2199 1158 2240; x_wconf 82' lang='lat' dir='ltr'>suffragia</span> 
     </span>
     <span class='ocr_line' id='line_1_86' title="bbox 873 2246 1138 2279; baseline 0.004 -2"><span class='ocrx_word' id='word_1_243' title='bbox 873 2246 999 2278; x_wconf 90' lang='lat' dir='ltr'>Cunctis</span> <span class='ocrx_word' id='word_1_244' title='bbox 1024 2247 1138 2279; x_wconf 88' lang='lat' dir='ltr'>cedunt</span> 
     </span>
    </p>

    <p class='ocr_par' dir='ltr' id='par_1_41' title="bbox 917 2294 1181 2334">
     <span class='ocr_line' id='line_1_87' title="bbox 917 2294 1181 2334; baseline 0.008 -9"><span class='ocrx_word' id='word_1_245' title='bbox 917 2294 951 2325; x_wconf 90' lang='lat' dir='ltr'>in</span> <span class='ocrx_word' id='word_1_246' title='bbox 976 2295 1181 2334; x_wconf 84' lang='lat' dir='ltr'>patrocinium</span> 
     </span>
    </p>
   </div>
  </div>
 </body>
</html>
