1656 2491
262 195 297 226 3.
324 194 405 226 Vere
430 197 542 226 virtute
564 192 733 233 praeditus,

325 239 417 277 Cujus
440 239 522 271 coxit
543 238 694 270 anhelitus

322 286 442 317 Piscem
462 284 598 323 crudum,
624 290 712 321 quem
729 281 862 313 monitus

319 330 403 362 Tulit
428 331 492 361 ales
517 329 671 360 divinitus.

457 414 657 448 Responsoria.

265 472 296 504 1.
322 471 396 502 Dies
419 471 480 501 ista
502 469 644 500 laudibus

366 516 556 553 expendatur
579 518 645 545 tota

320 561 372 593 Ad
395 561 541 592 honorem
564 559 726 599 praesulis,

362 614 450 645 quem
474 605 623 644 produxit
646 605 734 644 Bota,

320 652 413 690 Cujus
439 654 484 683 tot,
506 651 671 683 virtutibus

362 698 475 736 gaudet
498 697 586 737 plebs
612 697 732 728 devota.

252 743 290 774 V.
320 743 429 781 Digitis
452 743 553 781 ignem
577 742 683 781 traxit,

319 789 439 821 Piscem
463 788 588 819 crudem
612 789 703 819 matri
730 786 813 818 coxit

363 834 455 865 Flatu
480 841 568 864 sacer
590 834 748 872 parvulus,

262 900 293 931 2.
320 899 421 930 Senex
443 898 629 929 venerabilis

321 944 475 976 Cathanus
494 943 661 974 laudabilis

319 991 431 1021 Aetate
454 991 593 1019 tenerum

366 1034 513 1065 doctrinis
536 1034 645 1065 imbuit

318 1081 362 1111 Et
383 1088 483 1111 mores
509 1079 611 1110 docuit

362 1125 513 1156 Blaanum
535 1133 664 1164 puerum

253 1170 290 1204 V.
316 1169 462 1203 Profectu
485 1170 611 1208 spiritus

364 1219 393 1246 et
419 1216 495 1247 casti
521 1218 657 1254 corporis

317 1262 465 1300 Explevit
487 1262 621 1300 spatium

361 1315 433 1338 mox
455 1306 545 1337 multi
567 1308 724 1344 temporis.

262 1371 292 1402 3.
318 1371 451 1409 Lampas
474 1370 605 1409 ardoris,

362 1424 416 1447 vas
439 1416 517 1446 lucis
540 1415 657 1454 flosque
680 1415 818 1455 pudoris,

318 1461 447 1492 Moesus
471 1462 606 1492 solamen

361 1507 514 1545 praebens
530 1507 689 1546 aegrisque
698 1507 853 1546 juvamen,

319 1552 416 1583 Stella
439 1552 554 1583 micans
577 1552 723 1594 tenebris,

363 1598 506 1637 precibus
529 1599 610 1629 mala
627 1598 709 1629 dilue
726 1598 854 1638 crebris,

252 1644 290 1676 V.
323 1645 388 1676 Fac
412 1643 513 1675 cordis
538 1652 630 1675 sanae

362 1688 437 1720 fiant
459 1690 579 1728 plagae,
604 1692 709 1720 sancte
728 1689 853 1722 Blaane.

382 1817 427 1848 In
452 1818 482 1849 2.
507 1816 726 1849 Nocturno.

457 1885 646 1920 Antiphonae.

262 1950 292 1983 1.
317 1949 399 1981 Fide
422 1952 485 1980 stat
508 1949 635 1987 solidus,

360 2003 422 2025 non
447 1994 540 2025 corde
564 1995 689 2034 duplici,

316 2040 505 2072 Defunctum
528 2042 657 2071 suscitat

361 2095 381 2117 a
403 2089 503 2118 morte
525 2086 651 2125 triplici.

258 2152 289 2183 2.
317 2150 408 2182 Pavit
430 2150 566 2181 mirabili

360 2204 511 2228 messores
535 2197 647 2236 pabulo

314 2241 431 2274 Mentis
456 2246 487 2273 et
510 2243 647 2282 corporis

361 2288 437 2320 dans
463 2288 546 2320 eibos
570 2289 695 2328 populo.

776 97 1005 131 -78-

927 191 958 222 3.
985 189 1146 221 Secundus
1169 187 1295 227 Moyses

1028 238 1151 274 petram
1174 236 1380 272 percusserat,

985 281 1068 312 Fons
1092 280 1197 311 statim
1225 280 1365 318 scaturit,

1028 327 1151 366 plebem
1176 325 1351 365 refrigerat.

1122 408 1323 442 Responsoria.

925 467 955 499 1.
981 467 1063 498 Puer
1086 465 1228 496 navicula

1029 513 1173 542 contexta
1197 510 1310 541 vimine

983 558 1057 590 oum
1083 559 1183 587 matre
1205 555 1332 594 ponitur

1026 601 1144 641 absque
1167 600 1326 638 solamine,

981 648 1043 680 Sed
1067 649 1119 687 pio
1142 648 1260 686 regitur

1028 694 1132 725 divino
1156 693 1289 724 numine.

944 765 952 772 .
976 741 1081 772 Mater
1105 748 1173 770 cum
1197 738 1328 778 parvulo

1024 784 1139 817 fretum
1163 784 1335 823 abhorruit,

980 832 1062 863 Nam
1084 831 1189 870 remis,
1215 829 1331 869 remige

1024 880 1056 908 et
1079 877 1156 908 velis
1181 876 1290 908 caruit.

946 958 952 964 .
978 933 1015 964 In
1038 933 1099 963 hoc
1122 934 1229 962 sancto
1253 930 1404 962 Dominus

1024 978 1115 1009 docet
1138 977 1276 1008 revereri

979 1025 1091 1056 Omnes
1116 1031 1186 1054 suos
1211 1022 1361 1061 servulos,

1025 1078 1100 1108 quos
1125 1068 1218 1099 habet
1243 1068 1333 1107 tueri,

978 1115 1036 1154 Qui
1060 1115 1244 1154 quandoque
1267 1113 1312 1152 pii
1337 1116 1417 1151 sunt,

1022 1160 1205 1199 quandoque
1228 1160 1339 1191 severi.

942 1232 948 1239 .
973 1207 1050 1238 Mox
1072 1207 1137 1236 ictu
1160 1204 1298 1236 fulminis

1020 1251 1170 1290 prostrati
1191 1254 1347 1289 corruunt,

974 1298 1031 1337 Qui
1054 1305 1165 1329 vaccas
1188 1297 1340 1336 praesulis

1022 1343 1137 1381 injuste
1163 1343 1298 1382 rapiunt.

920 1419 949 1430 ,.
977 1398 1058 1429 Dum
1081 1398 1200 1428 rediret
1223 1406 1354 1436 peregre

1021 1443 1071 1475 vir
1093 1443 1160 1474 Deo
1187 1444 1325 1485 devotus,

978 1489 1092 1521 Filium
1116 1490 1280 1521 resuscitat

1021 1535 1102 1575 regis
1125 1535 1178 1574 pie
1200 1538 1311 1575 motus,

975 1581 1089 1620 Vitam,
1113 1581 1222 1623 visum,
1248 1583 1383 1620 speciem

1021 1628 1156 1658 reddens
1181 1631 1249 1659 orat,
1272 1631 1364 1661 totus.

943 1697 949 1705 .
975 1672 1135 1704 Laudetur
1157 1672 1307 1705 Dominus

1023 1719 1057 1749 in
1082 1719 1199 1750 cunctis
1222 1720 1356 1760 populis,

978 1765 1038 1795 Per
1062 1773 1152 1804 quem
1175 1765 1311 1797 Blaanus
1334 1770 1381 1798 tot

1025 1808 1124 1850 fulget
1147 1811 1313 1843 miraculis.

1040 1925 1085 1957 In
1111 1927 1142 1958 3.
1167 1926 1389 1961 Nocturno.

1120 1990 1309 2025 Antiphonae.

944 2075 951 2083 .
976 2050 1097 2090 Fidem,
1122 2059 1223 2083 moi-es
1246 2053 1402 2086 instruens

1024 2096 1139 2129 Christi
1165 2098 1309 2130 dilatavit

977 2142 1100 2174 Cultum
1125 2147 1166 2183 et,
1191 2145 1272 2184 quod
1300 2145 1413 2186 docuit,

1023 2189 1118 2229 signis
1142 2190 1344 2224 confirmavit.

921 2246 952 2277 2.
977 2245 1082 2277 Aureo
1108 2246 1294 2279 candelabro

1019 2294 1053 2323 ut
1077 2292 1161 2323 lucet
1183 2294 1319 2336 lucerna,
