1656 2491
736 64 963 99 —93—

283 159 353 190 Jam
376 168 469 198 prece
493 167 597 190 servos

283 205 388 237 Salvet
410 206 438 236 is
461 205 561 236 heros.

227 262 257 292 5.
282 259 424 292 Laudent
448 260 479 292 vi
501 259 612 290 mentis

326 306 490 337 Dominum
515 305 596 336 cives
621 303 757 339 orientis,

282 351 423 389 Martyre
447 351 497 390 qui
522 357 631 387 magno

326 395 428 427 fulciti
450 398 522 426 sunt
546 393 739 426 Colomanno.

397 467 442 493 Ad
462 466 638 493 Benedictus.

213 515 253 546 A.
277 512 463 544 Benedictus
488 513 529 543 sit
552 512 711 551 Dominus,

280 558 341 589 Per
364 566 453 596 quem
476 561 595 596 martyr
617 558 821 589 Colomannus

280 603 416 635 Gratiam
444 605 498 635 dat
520 603 661 634 sanitatis

278 649 398 681 Pressis
421 650 454 680 vi
475 648 674 687 infirmitatis,

944 157 1002 195 Qui
1027 165 1137 189 curans
1163 165 1269 189 caecos
1295 160 1324 187 et
1350 155 1478 187 claudos

943 203 999 233 Pie
1022 211 1078 233 nos
1102 206 1190 234 sanet
1212 202 1386 243 languidos.

1009 307 1057 339 In
1083 309 1112 339 2.
1141 307 1349 346 vesperis.

1060 371 1106 397 Ad
1126 369 1301 406 Mag-nificat.

876 423 914 453 A.
940 421 1008 452 Rex
1031 421 1168 453 Sabaoth
1193 422 1370 461 verbigena,

941 467 1146 498 Golomannus
1169 467 1335 506 Scotigena

940 511 1060 543 Bonum
1086 514 1241 543 certamen
1266 514 1406 551 certavit,

940 557 1023 588 Dum
1045 560 1078 588 te
1101 557 1143 589 ad
1166 561 1298 589 mortem
1322 558 1454 592 amavit:

941 603 1042 642 Hujus
1067 611 1140 643 ergo
1164 602 1310 643 suffragio

942 649 1084 681 Omnium
1107 652 1248 681 nostrum
1271 652 1435 681 memento.

290 712 374 738 Brev.
394 720 445 739 ms.
464 712 629 739 Mellicense
650 709 721 738 1677
740 719 815 738 saec.
839 709 881 738 13.
902 711 965 739 add.
986 720 1059 739 saec.
1082 711 1124 739 14.
1143 713 1179 739 A.
1202 727 1236 731 —
1259 713 1326 740 Ood.
1342 713 1485 741 Mellicen.

217 745 289 776 1113
315 756 389 775 saec.
416 747 459 775 15.
487 749 518 775 Β.
537 762 572 767 ——
595 748 662 775 Cod.
682 748 824 775 Nemeen.
849 746 905 775 934
930 756 1004 775 saec.
1031 747 1074 775 15.
1095 749 1126 775 G.
1145 763 1180 768 —
1202 748 1270 776 Coc.
1291 750 1487 777 sitanstetten.

217 784 376 812 CCXXXH
395 793 469 812 saec.
492 783 534 811 15.
554 785 589 812 D.
609 800 646 804 —
665 785 746 812 Brev.
766 793 817 812 ms.
834 785 1032 820 PragenseVI
1044 785 1069 811 F
1089 784 1130 813 16.
1151 794 1224 813 saec.
1248 785 1290 813 15.
1304 786 1339 812 E.
1354 801 1388 805 —
1401 787 1486 814 Brev.

214 830 266 848 ms.
288 820 436 848 Scotorum
455 821 652 848 Vindobonen.
679 819 715 847 52
740 822 758 848 d
785 820 828 848 10.
853 823 920 848 anni
947 820 1027 849 1471.
1046 822 1078 848 F.
1097 836 1135 841 --
1154 823 1236 850 Brev.
1256 824 1393 850 Kimense
1417 825 1485 859 imp.

213 858 342 885 Venetiis
364 856 442 884 1516.

287 894 359 921 Dass
379 894 425 921 die
438 894 628 921 monastische
642 894 665 922 1⁴*
667 902 733 928 orm,
754 895 834 921 nicht
846 894 891 921 die
904 895 1000 927 kurze,
1021 895 1066 922 die
1078 896 1102 923 B
1117 897 1254 929 aufweist,
1276 897 1337 924 dem
1354 896 1485 925 Officium

218 931 418 966 urspriinglich
441 932 494 961 ist,
520 932 639 958 beweist
661 931 755 958 ueben
779 931 840 958 dem
860 932 1091 959 munnarslichen
1107 933 1219 960 Melkei·
1236 934 1405 970 Urspmnge
1423 934 1485 961 der>-

219 968 318 994 -s—lben
337 968 386 994 der
398 967 546 998 Umstand,
567 967 629 994 dass
649 975 678 994 es
698 969 750 994 auf
757 967 855 995 Musik
875 969 932 995 und
944 968 1068 995 Metram
1088 970 1136 997 des
1150 970 1485 998 Benedikt-us-Offieimns

218 1003 401 1030 Praeclarum
425 1004 482 1030 late
502 1007 553 1031 etc.
573 1004 705 1038 gemacht
722 1006 768 1031 ist.
810 1020 825 1024 -
843 1004 878 1030 In
897 1003 923 1030 2.
942 1005 1023 1031 Noct.
1044 1004 1066 1030 Α
1088 1006 1118 1038 6,
1145 1004 1163 1032 2
1182 1007 1375 1041 Dependentis
1394 1007 1428 1034 A.
1448 1023 1486 1027 —

218 1038 238 1064 R
264 1038 298 1072 2,
321 1038 340 1066 2
357 1040 471 1074 Esayea
491 1041 525 1067 A.
544 1055 581 1060 --
601 1038 621 1065 Β
647 1038 679 1074 3,
703 1039 721 1066 2
742 1040 932 1068 Colomannus
957 1042 1029 1068 fehlt
1046 1043 1079 1068 A.
1100 1056 1137 1061 —-
1154 1044 1303 1076 Hymnen:
1328 1044 1365 1070 112
1381 1044 1484 1078 Vesp.:

217 1076 296 1103 Mare
317 1076 379 1103 fons
400 1079 515 1108 ostium:
537 1077 572 1104 ad
585 1076 709 1104 Laudes:
729 1077 815 1105 Salve
834 1077 904 1104 felix
922 1078 1003 1105 miles
1019 1077 1131 1111 Christi,
1150 1079 1290 1107 Analecta
1302 1080 1352 1113 IV,
1372 1090 1400 1116 p.
1423 1079 1484 1108 121.

639 1183 685 1214 35.
724 1184 764 1214 De
784 1185 886 1215 sancto
907 1184 1055 1216 Columba.

352 1250 396 1281 In
423 1250 452 1282 1.
479 1250 686 1290 Vesperi&

420 1313 609 1347 Antiphontis.

222 1367 251 1398 1.
278 1367 315 1399 1n
340 1367 505 1399 Columbae

323 1413 419 1443 sacris
443 1414 598 1445 solemniis

276 1457 473 1489 Exsultemus

324 1503 442 1534 devotis
466 1505 597 1545 gaudiis,

278 1548 369 1580 Hunc
391 1549 553 1581 laudantes

325 1595 423 1633 dignis
446 1596 620 1633 praeconiis

276 1639 318 1671 Et
346 1642 486 1678 petentes

318 1686 395 1716 »totis
418 1687 619 1728 praecordiis,

277 1730 321 1763 Ut
344 1732 487 1769 juvemur

322 1778 388 1815 eJ'us
411 1777 574 1817 suffragiis,

276 1821 382 1854 Tantis
406 1821 477 1854 fulti

320 1870 509 1907 patrociniis.

220 1923 249 1952 2.
277 1922 369 1953 Tanti
392 1924 492 1955 sancti
519 1933 695 1957 feneremur

324 1969 404 1999 diem
428 1968 540 2000 festum
564 1971 686 2011 singuli,

274 2015 303 2045 A
327 2016 463 2052 peccatis
486 2019 522 2046 ut.
542 2018 725 2050 mundemur

322 2060 434 2099 cordis,
460 2061 532 2100 oris,
558 2063 648 2102 ocuii,

278 2106 370 2144 Cujus
393 2115 487 2145 prece
511 2108 693 2147 deputemur

320 2153 508 2192 sempiterno
531 2155 609 2193 usui,

275 2197 351 2229 Cum
374 2199 516 2239 malignis
539 2209 577 2232 ne
604 2202 782 2235 damnemur

319 2248 390 2282 post
411 2245 535 2277 labores
558 2249 683 2280 saecuii.

883 1253 913 1284 3.
941 1252 1065 1284 Coelum
1089 1261 1211 1291 semper
1234 1254 1375 1286 inhiabat

938 1298 1010 1337 Hic,
1036 1299 1109 1330 dum
1132 1301 1216 1338 genti
1239 1301 1453 1341 praedicabat,

984 1345 1097 1376 Petens
1123 1346 1198 1376 coeli
1223 1347 1344 1385 gaudia,

938 1389 975 1421 In
998 1392 1140 1428 supernis
1165 1391 1242 1422 coeli
1267 1392 1349 1424 cives

938 1434 1008 1466 Jam
1033 1435 1157 1467 effectus
1184 1437 1299 1469 Christi
1323 1439 1412 1470 miles

982 1481 1055 1512 Post
1080 1482 1187 1513 mundi
1208 1484 1386 1516 luctamina.

905 1570 911 1576 .
940 1543 1096 1585 Columba,
1121 1546 1174 1585 pie
1197 1555 1287 1579 serve
1312 1547 1438 1587 Christi,

936 1590 1003 1621 Nos
1030 1599 1178 1623 conserva
1199 1594 1233 1623 in
1256 1595 1374 1626 mundo
1396 1596 1483 1628 tristi

937 1635 979 1667 Et
1002 1645 1148 1669 succurre
1173 1639 1293 1670 cohorti
1315 1640 1368 1671 isti

981 1682 1019 1713 In
1044 1683 1095 1713 die
1118 1685 1273 1723 supplicii.

881 1767 910 1777 ..
937 1745 1011 1777 Post
1034 1746 1157 1778 labores
1180 1750 1330 1787 plurimos

935 1791 987 1822 Ad
1015 1793 1115 1824 coelos
1139 1796 1270 1826 tendens
1296 1798 1400 1830 oculos

981 1838 1081 1869 Vitam
1108 1840 1213 1884 reddit
1237 1841 1380 1883 Domino,

937 1883 998 1915 Per
1020 1885 1119 1923 ipsius
1143 1886 1288 1926 suffragia

938 1928 1036 1961 Nobis
1063 1931 1155 1962 donet
1178 1933 1292 1972 gaudia

981 1975 1126 2016 Regnans
1151 1978 1217 2010 sine
1240 1980 1382 2013 termino.

1057 2058 1100 2085 Ad
1118 2060 1295 2095 Magnificat.

904 2138 910 2145 .
938 2113 961 2146 O
987 2113 1146 2154 Culumba⁷

984 2161 1084 2192 enitor
1108 2163 1267 2203 ecciesiae,

938 2206 1042 2246 Virgo,
1070 2208 1188 2250 doctor,

982 2261 1040 2292 per
1064 2254 1177 2287 donum
1201 2258 1319 2296 gratiae
