1656 2491
791 104 1039 138 —228—

357 196 497 223 Dasselbe
517 196 647 223 Officium
666 197 743 223 ward
763 197 835 224 auch
855 197 1011 233 gebraucht
1029 198 1060 223 in
1077 196 1249 225 Elevatione
1269 201 1385 225 sanctae
1398 198 1552 234 Riotrudis,

285 242 339 260 nur
363 241 457 260 waren
481 233 528 260 die
545 234 728 269 Antiphonen
752 235 801 261 der
819 235 932 262 Laudes
959 234 1078 268 andere,
1105 234 1212 262 welche
1237 235 1311 262 nach
1330 236 1356 263 A
1376 235 1438 263 hier
1456 236 1554 272 folgen

284 273 400 304 mtigen:

360 305 383 333 1.
403 307 485 334 Haec
503 307 578 334 claro
596 309 666 334 satis
680 309 790 335 exstitit
803 309 924 335 oriunda
936 309 1063 344 germine
1075 308 1202 335 Ernoldo
1218 310 1311 336 nobili
1325 310 1403 337 edita
1415 311 1553 346 genitore.

358 342 383 369 2.
403 344 483 371 Haec
495 344 600 371 femina
611 345 766 372 laudabilis
779 347 945 381 meritisque
958 346 1145 381 hon01·abiliS‚
1159 346 1305 374 Rictrudis
1317 349 1440 382 egregia,
1455 347 1554 374 divina

284 381 463 417 providentia
480 383 611 416 pervenit
628 383 658 408 in
678 381 809 409 Galliam.

356 418 382 444 3.
402 418 457 444 Dei
479 420 601 452 gratiam
628 419 776 453 invenisti,
803 420 947 447 Rietrudis
967 421 1162 453 sanctissima,
1188 429 1255 447 narn
1274 430 1376 449 manus
1395 424 1463 449 tuae
1482 430 1551 457 pau-

283 455 397 490 peribus
411 463 519 489 semper
533 458 613 482 erant
624 456 817 491 largissimac;
832 457 930 484 adesto
941 458 1024 485 nobis
1036 457 1111 492 apud
1121 458 1273 484 Dominum
1285 458 1305 485 J
1306 467 1385 485 esum
1397 458 1549 486 Christum.

354 490 380 518 4.
401 492 506 518 saneta
523 492 681 526 Rich-udis,
709 493 790 528 larga
808 495 839 520 in
859 502 997 530 pauperes
1024 495 1219 529 miseransque
1240 495 1373 530 pupillis⁷
1405 498 1501 532 ogonis
1522 499 1551 523 et

283 529 399 555 advenis
419 528 569 563 prudenter
588 529 776 565 dispensando
798 532 900 558 virtute
921 533 1084 559 meritorum
1105 532 1209 558 claruit
1227 534 1258 559 in
1277 533 1399 568 populis.

355 564 380 591 5.
400 566 473 592 Miro
494 566 595 592 affectu
624 567 759 594 ‚oi-oribus
779 569 929 602 serviebat,
950 577 1107 604 pauperum
1126 576 1223 595 curam
1241 577 1342 604 gerens
1363 571 1394 597 in
1408 571 1547 599 omnibus.

282 604 452 637 quapropter
471 610 488 629 a
507 604 614 630 eunctis
634 604 805 639 diligebatur
825 607 969 633 attentius.

699 748 743 778 88.
784 749 823 779 De
842 750 946 780 sancto
966 749 1116 780 Rumoldo.

416 823 460 854 In
486 823 515 855 1.
541 823 750 863 Vesperis.
935 826 974 858 V.
1000 826 1086 858 Coeli
1109 835 1242 858 vernans
1265 829 1298 858 in
1321 831 1424 860 roseto

1043 873 1124 904 Divo
1147 874 1252 905 madet
1280 883 1360 916 rore,

484 895 672 929 Antiphonae.
1002 917 1244 957 contemplando
1269 921 1356 951 vultu
1378 921 1460 953 lacto

289 953 318 984 1.
345 951 558 990 Triumpbanti
583 954 795 985 concordando
1050 964 1165 1004 Regem
1188 966 1221 996 jn
1247 966 1367 998 decom·

387 997 528 1028 Militans
554 999 683 1029 ccclesia

343 1043 441 1075 Laeta
466 1043 539 1073 colit
562 1044 744 1076 exsultando
1119 1051 1164 1077 Ad
1181 1051 1356 1086 Magnificat.

388 1089 533 1120 Ru¹¹¹⁰1d²
557 1090 713 1122 sommum·
936 1111 975 1143 Λ.
1003 1110 1183 1142 Gratuletur
1206 1115 1237 1143 et
1259 1113 1401 1153 lactetur,

288 1159 318 1189 2.
345 1157 436 1188 Sidus
461 1161 560 1189 ortum
583 1159 616 1189 in
641 1158 798 1191 Scotorum
1001 1157 1157 1196 Quidquid
1182 1159 1266 1189 orbis
1295 1161 1470 1191 continetur

387 1203 524 1242 chione
546 1205 650 1235 nobile
1044 1204 1081 1234 In
1102 1202 1199 1242 figura
1224 1206 1395 1245 sphaerica,

342 1248 459 1280 Lumen
482 1250 514 1280 in
538 1250 796 1282 Brabantinorum
998 1247 1081 1279 Laus
1104 1249 1250 1281 Rumoldi
1272 1253 1480 1293 praedicetur,

384 1295 482 1326 Terra
507 1296 559 1326 dat
583 1297 735 1329 mirabile,
1002 1293 1096 1331 Quem
1120 1296 1275 1328 laudando
1299 1301 1464 1330 veneretur

286 1365 316 1397 3.
341 1363 377 1394 In
400 1363 560 1396 Maelium
582 1366 635 1396 lux
659 1366 773 1397 virtute
1044 1340 1213 1373 Nobiscum
1236 1343 1325 1382 plebs
1351 1345 1474 1376 coelica.

385 1408 521 1441 Rcfulsit
542 1412 734 1452 praevalida,

340 1454 400 1486 Ubi
424 1454 507 1486 facta
528 1458 660 1488 statione
1069 1453 1098 1483 A
1110 1452 1128 1483 d
1152 1452 1189 1483 M
1197 1462 1216 1484 a
1224 1456 1263 1484 tu
1272 1457 1285 1484 t
1292 1455 1304 1485 i
1311 1464 1332 1485 n
1339 1465 1360 1486 u
1369 1465 1408 1488 m.

382 1500 559 1539 Liquefecit
582 1504 693 1542 gelida.

1132 1525 1343 1553 Invitatorium.

286 1571 317 1602 4.
342 1568 405 1600 Sed
426 1569 544 1601 ibidem
566 1572 620 1601 lux
641 1573 788 1611 eclypsim
1000 1578 1195 1612 Exsultando
1217 1583 1383 1620 jubilemus

388 1615 485 1646 Passa
508 1617 573 1647 sole
597 1618 707 1649 clarius
1049 1625 1179 1666 Christo,
1206 1637 1295 1660 rosae
1318 1633 1500 1672 martyrum,

343 1660 518 1692 Relueescit
540 1672 601 1694 non
624 1672 754 1702 passura
1003 1670 1061 1708 Qui
1084 1672 1269 1705 Rumoldum
1292 1676 1325 1706 in
1349 1685 1488 1709 rosarum

388 1706 551 1738 Deiectum
574 1710 607 1740 in
631 1710 772 1749 amplius.
1046 1718 1137 1749 Vexit
1161 1719 1284 1751 hortum
1306 1720 1461 1757 floridum.

284 1777 314 1806 5.
344 1774 466 1807 Crebris
482 1785 611 1816 namque
626 1787 683 1818 per
693 1779 878 1812 Rumoldum

387 1821 488 1861 Signis
511 1821 601 1854 floret
624 1826 765 1868 populus,
1062 1829 1109 1860 In
1134 1830 1164 1861 1.
1190 1830 1412 1866 Nocturno.

341 1866 401 1898 Sed
427 1871 458 1898 et
480 1871 574 1908 terra,
600 1879 678 1909 quae
701 1874 864 1910 patronum
1137 1903 1322 1939 Antiphonae

382 1913 508 1953 Recipit
533 1915 688 1948 divinitus.

943 1957 974 1989 1.
999 1956 1107 1997 Stirpe
1127 1962 1217 1991 natus
1242 1970 1281 1993 ex
1304 1971 1414 1995 serena

1043 2004 1215 2037 Rumoldus
1239 2009 1288 2039 vir
1311 2009 1436 2042 inclitus

995 2050 1048 2081 Ad
1073 2052 1227 2084 coelorum
1250 2063 1438 2093 peramoena

1042 2096 1186 2136 Suspirat
1208 2101 1398 2135 medullitus.

271 1978 307 2009 R.
335 1977 358 2008 O
383 1979 577 2016 praeclarum
601 1981 697 2021 sidus,
723 1991 826 2013 rarum

381 2024 541 2064 Nesciens,
567 2027 709 2058 solatium

335 2069 517 2109 Desperatis
542 2073 700 2112 sospitatis

378 2116 464 2148 Dans
489 2120 521 2148 et
543 2119 624 2150 vitae
648 2120 791 2160 spatium,

336 2161 440 2193 Caecis
463 2164 555 2203 viam,
580 2165 771 2198 harmoniam
937 2172 967 2203 2.
995 2170 1149 2203 On'undus
1175 2182 1212 2204 ex
1237 2174 1399 2209 Scotorum

375 2208 494 2249 Sui-dn,
519 2212 644 2243 moestis
668 2214 814 2252 gaudium
1038 2217 1148 2257 Regali
1173 2223 1323 2261 prosapia

333 2254 374 2286 Et
398 2256 578 2296 languorum
605 2258 794 2291 diversorum
993 2262 1165 2296 Honestate
1188 2267 1282 2299 vitam
1304 2278 1425 2302 morum

380 2302 533 2335 Relevans
557 2306 752 2344 supplicium.
1042 2311 1140 2343 Ornat
1159 2313 1198 2345 ab
1222 2314 1366 2350 infantia.
