1656 2491
189 408 224 439 V.

196 527 228 557 2.

691 80 919 114 -76-

253 179 297 212 Et
319 179 438 219 peregit
461 177 594 208 militare

254 226 345 259 Caste
369 226 474 255 sancto
497 221 623 260 flamini,

254 269 428 310 Liquefecit
451 272 482 299 et
505 266 615 298 refecit

254 317 430 349 Resolutam
455 313 593 345 funditus

257 362 392 393 Verbum
414 361 539 390 missum
566 356 702 387 coelitus.

250 406 413 439 Fluminis
436 405 570 442 impetus
594 400 749 433 civitatem

253 452 317 484 Dei
339 450 496 489 laetificat.

254 523 421 556 Aestimari
446 521 570 561 quidem
592 519 707 558 nequit,

255 571 337 608 Quae
359 566 506 600 Bilhildis
527 566 644 605 jugiter

255 616 355 653 Supra
378 613 502 644 modum
526 612 609 642 intus
634 609 695 648 egit

256 660 373 692 Cuncta
393 657 497 689 ferens
520 656 668 688 suaviter.

253 704 399 737 Trinitati
421 705 476 735 lux
499 702 654 743 perennis,

255 752 338 783 Laus
363 752 394 781 et
414 749 568 788 jubilatio,

256 796 318 830 Ubi
344 797 408 835 ejus
432 793 594 826 habitatio.

256 868 447 901 Francorum
472 865 571 905 fulget
593 865 692 904 gloria

257 917 294 947 In
319 913 443 945 coelesti
468 912 553 942 curia

257 959 413 999 Bilhildis,
440 959 502 989 dux
529 956 649 995 eximia,

260 1004 367 1037 Nobili
390 1003 545 1042 prosapia,

258 1050 302 1082 Et
325 1052 436 1089 quanto
460 1051 535 1080 natu
559 1048 651 1078 altior

258 1096 358 1127 Tanto
382 1095 447 1125 vita
470 1093 615 1124 sanctior.

225 1165 231 1171 .
255 1141 409 1172 Nobilitas
433 1149 452 1171 a
474 1139 541 1170 Deo

303 1186 441 1226 rationis,
467 1185 531 1215 exit

261 1234 360 1265 Causa
381 1231 460 1262 haec
483 1229 551 1269 fuit,
577 1236 672 1267 quare

304 1285 390 1308 mare
413 1285 447 1307 se
469 1274 601 1308 reflexit.

231 1376 237 1381 .
263 1352 286 1383 Ο
311 1353 410 1381 mater
433 1351 540 1381 nostra

304 1395 450 1426 Bilhildis
473 1394 574 1424 locum
596 1393 724 1432 requiei,

265 1442 359 1479 Quem
382 1439 557 1478 possedisti,

306 1486 388 1524 quod
403 1487 541 1523 praestet
557 1484 657 1524 gratia
674 1484 799 1521 Christi,

263 1531 407 1564 Obtineas
431 1531 512 1570 genti

306 1580 338 1607 te
360 1586 437 1615 puro
463 1576 557 1607 corde
579 1574 701 1609 colenti,

262 1623 351 1663 Quod
390 1622 496 1653 oculus
534 1629 602 1652 ozon
635 1620 714 1651 vidit
746 1628 802 1651 ozee

261 1668 351 1700 auris
382 1667 504 1698 audivit
529 1675 587 1698 nec
609 1666 647 1697 ‘in
671 1675 723 1697 eor
746 1666 799 1697 ho-

260 1713 358 1745 mim's
382 1713 529 1745 ascendit.

326 1852 370 1882 In
396 1852 426 1882 3.
452 1850 506 1881 No
517 1853 634 1881 cturn
646 1858 672 1881 o.

400 1923 600 1957 Responsoria.

230 2012 237 2020 .
266 1988 383 2026 Gaude,
410 1987 550 2018 coelestis
576 1988 670 2026 curia,

262 2032 399 2065 Bilhilde
421 2033 503 2064 laeta
527 2032 620 2071 socia,

265 2080 341 2112 Cum
365 2087 425 2118 qua
447 2079 480 2110 in
504 2078 608 2110 throni
631 2078 713 2110 socio

263 2125 387 2157 Laudas
411 2127 531 2163 patrem
557 2133 624 2156 cum
649 2124 721 2157 filio.

261 2172 338 2203 Tres
373 2173 464 2210 sunt,
503 2173 558 2209 qm.
592 2171 805 2203 testimonium

261 2218 340 2249 dant
361 2217 397 2248 in
421 2217 521 2255 cerO,
548 2220 653 2256 pater,
678 2218 804 2250 verbum

264 2267 292 2295 et
313 2262 444 2303 spiritus
468 2266 604 2296 sanctu&

857 173 888 204 2.
913 169 1101 208 Recordare,
1126 172 1225 199 mater
1251 170 1282 197 et
1305 168 1447 204 patrona,

915 216 960 247 Ut
982 215 1118 253 loquaris
1142 223 1199 252 pro
1223 213 1284 243 tuis
1310 211 1399 246 bona,

914 260 998 298 Quae
1010 262 1208 299 praesentata
1221 267 1253 289 es
1260 255 1458 297 praesentiae

914 306 989 338 Filii
1012 306 1141 339 Mariae.

878 376 884 384 .
910 351 1086 390 Eloquium
1097 354 1188 383 tuum
1201 350 1289 382 dulce
1302 356 1400 380 comm
1405 355 1457 377 en-

916 397 966 429 det
987 406 1046 429 nos
1068 396 1194 437 gratiae
1215 395 1287 435 fibii.

880 478 887 484 .
914 451 995 484 Vide
1018 452 1059 482 ad
1083 453 1191 482 nostra
1214 449 1347 488 piacula,

913 497 1071 535 Bilhildis,
1096 498 1204 527 nostra
1227 498 1370 533 patrona,

915 542 1031 579 Quibus
1055 550 1138 572 mors
1164 543 1211 571 est
1230 541 1297 578 jam
1319 540 1430 578 vicina,

913 587 1004 620 Licet
1030 587 1108 618 hora
1132 585 1239 624 dubia.

915 632 1106 665 Adfuturum
1131 632 1359 669 redemptorem

917 679 1078 712 Credimus
1102 679 1135 710 in
1158 680 1308 718 tempore,

915 726 1011 762 Quem
1037 724 1173 763 digneris
1197 723 1349 762 mitigare,

915 770 997 803 Dum
1021 778 1123 801 sumus
1147 769 1180 800 in
1205 776 1344 807 corpore.

880 843 887 850 .
913 816 983 854 Eia,
1008 818 1108 847 mater
1131 816 1276 854 gratiosa,

916 862 964 893 Tu
988 870 1066 901 quae
1088 860 1171 892 mitis
1197 863 1229 891 et
1251 859 1388 891 formosa

917 907 1017 946 Super
1041 914 1144 938 omnes
1170 915 1202 937 es
1226 905 1357 944 puellas,

916 956 946 985 A
970 956 1002 984 te
1025 961 1181 992 nunquam
1205 960 1261 983 nos
1286 951 1430 989 repellas.

884 1033 890 1039 .
917 1009 941 1040 O
965 1011 1065 1039 mater
1087 1010 1203 1045 nostra,

963 1056 1012 1084 ter
1034 1057 1142 1083 sancta
1166 1054 1335 1091 quaterque
1358 1051 1459 1090 beata,

920 1099 995 1129 Cum
1018 1107 1112 1138 prece
1137 1098 1250 1129 devota

964 1143 1164 1175 famulantum
1190 1144 1312 1182 suscipe
1335 1146 1416 1181 vota,

886 1217 892 1223 .
918 1190 987 1222 Jam
1013 1189 1134 1222 Christo
1155 1190 1265 1227 juncta

965 1243 1137 1274 sponsoque
1159 1239 1211 1266 tuo
1236 1235 1361 1266 sociata.

1014 1332 1057 1362 In
1080 1330 1293 1362 Laudibus

1023 1381 1123 1428 'Super
1141 1393 1281 1419 Psalmos.

889 1474 895 1481 .
920 1450 1029 1481 Laude
1052 1449 1118 1480 Deo
1145 1448 1250 1480 debita

922 1495 1120 1528 Celebremus
1142 1495 1252 1525 inclita

921 1540 1066 1573 Bilhildis
1090 1540 1248 1577 solemnia,

923 1588 1008 1626 Quae
1030 1589 1104 1617 nata
1127 1594 1166 1616 ex
1188 1586 1363 1618 Franconia

922 1632 1041 1665 Jubilat
1063 1632 1095 1662 in
1119 1632 1232 1671 patria.

1040 1704 1084 1730 Ad
1103 1704 1281 1731 Benedictus.

891 1782 897 1788 .
921 1755 1062 1787 Dulcedo
1087 1754 1160 1786 festi
1184 1756 1293 1787 coelici

969 1801 1037 1832 Nec
1059 1800 1172 1840 linguis
1195 1802 1346 1840 explicari

924 1847 990 1878 Nec
1014 1847 1133 1878 ratione
1158 1847 1269 1886 conjici

969 1893 1036 1924 Nee
1058 1895 1162 1931 potest
1184 1894 1360 1934 aestimari;

924 1939 1064 1971 Visibilis
1088 1939 1139 1970 hic
1163 1939 1273 1980 deitaS,

970 1985 1134 2017 Plenitudo
1159 1985 1319 2020 bonorum.

925 2031 987 2063 Hic
1010 2031 1143 2062 omnium
1168 2032 1295 2063 satietas

969 2078 1119 2108 Abundat
1141 2077 1333 2116 gaudiorum.

923 2124 1000 2157 Istic
1023 2123 1169 2156 Bilhildis
1192 2133 1343 2164 prospere

971 2169 1095 2201 Gaudet
1117 2170 1325 2203 inthronizata

926 2217 1105 2257 Sponsoque
1129 2217 1205 2250 Jesu
1228 2215 1355 2251 foedere

972 2262 1104 2294 Perenni
1130 2264 1282 2302 copulata.
