1656 2491
188 2085 217 2117 fal>

702 43 955 78 —102—

322 139 368 170 In
393 139 423 171 1,
448 137 669 169 Nocturno.

399 200 588 236 Antiphonae.

227 280 234 287 .
258 253 377 284 Auctor
403 253 549 283 donorum
572 250 710 289 spiritus,

256 298 414 336 inspirans
438 305 512 328 vcra
535 295 666 333 vatibus,

258 344 318 375 Per
340 343 453 374 trinum
477 340 560 372 fatur
582 340 743 380 infantem,

259 388 460 420 Cuthbertum
483 385 551 417 fore
573 387 755 425 praesulem.

253 442 309 480 Qui
331 442 522 480 Raphaelem
546 441 764 480 archangelum

254 487 370 519 Tobiae
395 487 483 518 dedit
504 488 667 524 medicum,

256 532 417 564 Cuthberti
440 541 520 571 genu
542 532 722 572 languidum

255 579 348 610 Suum
371 581 462 609 sanat
482 586 541 618 per
564 579 714 617 angelum.

222 657 228 663 .
253 633 336 664 'Dum
356 634 513 672 jactantur
536 641 657 672 puppes
681 635 756 672 salo,

251 678 380 710 Sanctus
405 687 496 710 orans
520 679 628 710 haeret
651 680 727 719 solo,

250 724 327 756 Mox
351 727 509 756 ventorum
533 724 580 755 vis
604 728 721 756 mutata

254 769 358 801 Naves
383 770 476 800 vertit
499 771 540 801 ad
563 770 664 803 litora.

316 861 361 891 In
387 862 419 892 2.
443 860 666 892 Nocturno.

396 924 584 958 Antiphouae-

219 998 225 1005 .
251 974 408 1006 Edomans
435 982 546 1014 corpus
567 975 689 1013 juvenis

250 1020 287 1051 In
311 1020 402 1051 undis
427 1023 590 1059 pernoctat
611 1020 715 1059 maris,

251 1065 300 1097 Ibi
323 1065 391 1096 Deo
414 1068 487 1097 vota
510 1066 612 1097 laudis

250 1110 302 1142 Ex
324 1110 435 1142 affeetu
458 1111 565 1142 reddit
589 1112 700 1144 cordis.

251 1165 368 1197 Mirum
392 1166 485 1203 dictu,
509 1166 581 1197 hinc
604 1175 726 1204 egresso

249 1210 293 1242 Et
316 1212 417 1242 oranti
440 1219 519 1249 genu
541 1210 620 1243 flexo

250 1256 392 1287 Membra
415 1255 556 1288 refovent
579 1257 681 1296 rigida

249 1301 402 1340 Aequoris
427 1302 581 1333 animalia.

251 1357 352 1387 Adest
375 1354 474 1387 frater
498 1358 634 1387 curiosus

250 1401 436 1440 Explmans,
461 1402 536 1440 quid
559 1405 632 1440 agat
651 1403 762 1441 justus,

249 1448 344 1485 Quem
368 1447 515 1485 languore
539 1451 568 1478 et
591 1456 707 1486 pavore

249 1491 326 1523 Mox
352 1495 526 1531 correptum
550 1496 639 1524 sanat
661 1501 763 1532 prece.

312 1587 358 1618 in
383 1588 413 1619 3.
439 1587 661 1620 Nocturno.

388 1649 578 1685 Antiphonae.

213 1724 221 1731 .
247 1701 407 1738 Quendam
429 1705 573 1733 vexatam
598 1703 745 1734 daemone

246 1746 352 1785 Pergit
374 1750 497 1778 sanctus
521 1748 664 1789 invisere,

246 1792 308 1823 Sed
330 1801 402 1831 mox
428 1793 512 1824 dirus
536 1793 615 1832 fugit
636 1794 733 1825 hostis

245 1837 300 1869 Fit
321 1839 433 1869 mulier
453 1839 624 1873 incolumis

215 1917 221 1924 .
246 1892 362 1924 Multos
386 1893 438 1924 hic
460 1895 582 1925 sanavit
604 1902 711 1934 aegros

245 1938 422 1977 Languores
448 1939 606 1978 depellens
629 1949 747 1980 saevos,

243 1983 360 2014 Multas
385 1983 529 2024 effugavit
551 1986 654 2017 larvas

245 2029 368 2060 Virtute
392 2030 490 2061 crucis
513 2032 647 2063 territas.

244 2083 374 2115 Sanctus
398 2085 526 2117 antistes
552 2086 746 2128 cuthbertus,

243 2130 299 2160 Vir
320 2129 478 2169 perfectus
501 2132 534 2162 in
558 2132 708 2173 omnibus,

242 2177 280 2207 In
302 2176 403 2208 turbis
428 2180 495 2208 erat
515 2180 682 2211 monachus

241 2222 341 2261 Digne
366 2223 483 2254 cunctis
507 2225 706 2260 reverendus,

1014 134 1058 165 In
1082 134 1309 165 Laudibus.

1063 201 1254 236 Antiphonae.

865 259 894 291 1.
922 258 1037 290 Christi
1060 256 1151 289 fortis
1175 258 1228 288 hic
1251 257 1369 289 athleta

918 306 967 335 Ac
990 312 1083 337 verus
1107 303 1295 336 anachoreta

917 350 1032 382 Mundi
1055 350 1182 389 tempsit
1203 350 1283 381 haec
1304 348 1419 388 infima,

919 397 984 435 Quo
1009 396 1089 427 coeli
1112 399 1239 435 caperet
1261 403 1391 427 summa.

887 475 893 482 .
919 451 978 488 Qui
1010 451 1051 481 de
1073 459 1152 490 rupe
1175 451 1331 490 prompsit
1353 459 1468 489 aquam

917 497 994 528 Post
1016 497 1049 527 in
1072 497 1177 528 vinum
1200 499 1325 527 vertens
1351 505 1428 533 eam,

917 542 986 574 Hoc
1010 544 1174 581 utrumque
1199 542 1313 573 donum
1336 550 1392 573 suo

920 587 998 619 Caro
1025 589 1155 619 contulit
1181 588 1359 621 cuthberto.

883 667 889 674 .
914 643 952 674 In
978 643 1158 682 episcopatu
1182 652 1237 674 suo

916 689 987 720 Jam
1011 692 1119 720 exacto
1143 689 1278 728 biennio,

915 734 961 766 Ut
983 735 1042 766 soli
1064 739 1192 766 vacaret
1215 735 1282 766 Deo

914 780 1039 811 Dilecto
1064 788 1098 811 se
1121 780 1227 812 reddit
1249 783 1349 813 antro,

882 858 890 866 .
914 835 997 866 Hinc
1020 838 1189 874 tanguntur
1212 838 1298 866 artus
1322 836 1405 867 sacri

916 880 1061 919 Corporis
1083 880 1191 912 morbo
1215 881 1313 920 letali,

913 926 1021 958 Sciens
1043 935 1118 958 vero
1142 935 1177 957 se
1199 927 1316 958 resolvi

916 971 1077 1003 Confortat
1101 972 1182 1003 ovile
1206 972 1333 1004 Christi.

881 1052 890 1059 .
914 1026 990 1058 Mox
1013 1029 1104 1066 pater
1127 1036 1198 1058 suos
1223 1027 1346 1058 affatur:

912 1072 1046 1111 Quisque
1069 1075 1206 1104 vestrum
1230 1076 1348 1104 temnat
1369 1082 1459 1105 mun—

1235 1119 1316 1158 dum,

912 1164 1007 1194 Amet
1029 1163 1195 1203 Christum,
1226 1164 1308 1195 colat
1330 1164 1460 1207 bonum,

912 1208 965 1239 Sic
987 1217 1154 1248 supernum
1178 1211 1278 1241 sumet
1299 1219 1438 1249 regnum.

1031 1289 1076 1316 Ad
1094 1290 1275 1319 Benedictus.

877 1368 885 1376 .
910 1345 1054 1384 Languor
1079 1354 1258 1378 accrescens
1280 1348 1314 1378 in
1340 1348 1398 1379 die>

910 1392 1006 1423 Artus
1030 1392 1164 1423 vexabat
1186 1391 1324 1432 fragiles,

909 1437 983 1475 Ipse
1006 1446 1109 1469 sacras
1136 1437 1270 1469 fundens
1291 1447 1401 1477 preces

911 1482 1048 1514 Coelicas
1071 1486 1252 1523 praegustat
1273 1484 1391 1518 laudes,

909 1527 993 1559 Dum
1016 1531 1157 1560 terrenus
1182 1530 1274 1568 redit,
1302 1532 1368 1562 dies

908 1574 1062 1605 aeternus
1086 1574 1256 1607 Cuthberto
1280 1577 1376 1616 quies,

910 1620 1066 1651 Salutares
1091 1621 1185 1652 sumit
1210 1621 1315 1661 dapes,

909 1665 961 1696 Sic
984 1674 1133 1704 supernas
1157 1667 1279 1698 scandit
1303 1668 1407 1700 sedes.

979 1784 1024 1815 In
1049 1786 1078 1816 2.
1105 1785 1212 1825 Vesp
1224 1787 1317 1821 eris.

1032 1852 1077 1879 Ad
1095 1853 1271 1889 Magnificat.

873 1932 880 1938 .
907 1908 931 1939 O
955 1916 1065 1947 magne
1087 1911 1213 1948 praesul
1238 1911 1418 1952 Guthberte‚

908 1953 964 1984 Cui
990 1953 1130 1986 Christus
1152 1954 1213 1986 fuit
1235 1957 1348 1998 vivere,

906 1999 964 2031 Cui
985 2000 1065 2031 mori
1088 2002 1209 2032 lucrum
1232 2011 1379 2043 perenne,

905 2045 987 2077 Dum
1013 2049 1086 2085 post,
1107 2050 1239 2080 mortem
1261 2049 1342 2082 vivis
1365 2061 1449 2092 vere,

906 2091 1006 2130 Signis
1033 2092 1145 2125 divinis
1169 2094 1285 2135 inclite,

903 2137 1081 2177 Languidos
1105 2148 1216 2172 sanans
1240 2150 1260 2172 a
1283 2142 1372 2183 labe3

904 2183 989 2215 Hinc
1012 2193 1153 2224 rogamus
1177 2187 1232 2225 pia
1254 2197 1358 2229 prece,

904 2230 952 2261 Tu
974 2239 1033 2269 pro
1056 2232 1147 2263 nobis
1170 2233 1340 2268 intercede.
