1679 2491
743 80 995 114 —163—

677 174 767 205 Facit
790 174 955 212 mirabilia,

724 221 829 253 Omnis
854 221 918 252 vim
941 219 1097 259 languoris

677 267 801 298 Pellens
827 270 858 297 et
883 267 1055 306 daemonia,

680 312 773 350 Cujus
799 313 889 344 nobis
913 313 1015 351 gratia

725 359 851 391 Cunctis
876 359 959 390 adsit
983 359 1078 390 horis¹

309 431 388 457 Brev.
409 439 460 457 ms.
482 430 662 458 Nannetense
682 439 755 458 saec.
779 429 820 457 15.
839 430 1050 464 (Privatbesitz)
1068 429 1101 456 A.
1119 444 1150 448 -—
1166 431 1248 457 Brev.
1263 430 1416 456 Brioceuse
1435 429 1502 463 imp.

233 467 398 495 Redunibus
420 465 499 495 1545.
523 468 552 494 13.
577 481 613 486 —-
638 468 674 494 In
695 466 718 494 1.
739 468 820 496 Noct.
842 466 862 493 R
884 466 907 500 1,
928 465 945 493 2
967 467 1118 494 Confessor
1139 467 1242 494 Christi
1264 467 1293 493 B.
1325 481 1357 485 —-
1384 467 1438 493 Die
1458 474 1505 492 zu-

231 504 388 540 geh'drigen
407 504 543 539 Hymnen
562 504 619 541 vgl.
642 505 781 532 Analecta
800 505 850 537 XI,
871 514 898 540 p.
919 502 974 531 264
993 513 1034 539 sq.

632 604 676 634 62.
716 605 758 635 De
779 605 884 635 sancto
904 602 1114 634 Her-melantio.

371 673 416 704 In
443 673 472 704 1.
499 673 710 712 Vesperis.

438 754 630 789 Antiphonac.

262 843 268 850 ,
295 816 373 850 Avo,
399 818 490 854 pater
514 814 634 853 eximie,

296 862 439 893 Summae
463 870 517 892 vas
542 861 773 898 sanctimoniae,

339 907 463 939 Morum
488 906 630 946 fragrans
653 907 811 944 odoribus,

341 953 426 985 Tuae
449 961 531 983 nunc
555 953 787 991 adsistentibus,

293 999 514 1037 Hermelande,
539 999 705 1030 memoriae

296 1045 355 1076 Pro
380 1045 477 1085 lapsis
504 1046 585 1076 dona
608 1045 717 1075 veniae

340 1092 417 1123 Tuis
439 1091 586 1130 impende
609 1091 765 1129 precibus.

261 1178 268 1185 .
296 1152 439 1184 Castrum
464 1152 584 1183 exsulta
609 1151 758 1182 Lochium

294 1198 497 1229 immolandi
520 1198 719 1237 praeconium

340 1244 474 1276 Summis
498 1244 643 1275 attollens
668 1244 805 1282 vocibus,

340 1290 384 1322 Ut
409 1291 481 1321 dato
506 1289 567 1321 fine
592 1289 732 1321 cladibus

296 1336 356 1367 Per
381 1337 446 1375 ejus
470 1335 675 1374 patrocinium

293 1384 323 1413 A
348 1382 517 1414 turbinosis
541 1382 674 1413 hostium

339 1428 492 1460 Muniaris
516 1428 702 1460 incursibus.

259 1511 266 1517 .
293 1483 394 1520 Salve,
420 1486 521 1523 pater,
546 1485 654 1523 pastor
679 1483 766 1521 bone,

292 1530 407 1561 Noster
431 1530 514 1569 aegis
541 1533 572 1561 et
595 1532 735 1569 patrone,

336 1576 433 1608 Labis
459 1584 570 1615 expers
592 1574 752 1615 facinoris,

338 1624 434 1661 Quem
460 1623 504 1653 tui
529 1622 611 1654 sacri
637 1623 775 1661 corporis

289 1669 454 1701 Decorasti
476 1669 663 1708 praesentia,

292 1715 402 1755 Gregis
427 1717 492 1747 esto
519 1716 581 1747 dux
605 1715 636 1746 in
662 1715 713 1746 via

338 1763 408 1802 Tui,
434 1764 534 1801 pater,
561 1762 783 1794 commemoria

257 1843 264 1850 .
292 1817 316 1849 O
341 1817 537 1849 sacerdotum
562 1817 731 1856 speculum,

289 1863 409 1895 Mundo
434 1863 611 1902 relinquens
636 1863 759 1894 titulum

338 1909 519 1942 Sanctitatis
546 1909 676 1941 eximiae

334 1957 429 1996 Tuae,
455 1958 546 1995 pater
571 1955 702 1996 egregie,

255 1999 258 2002 ’
289 2002 434 2042 Lampas,
460 2003 623 2042 lampetra,
651 2002 800 2041 labulum,

290 2049 370 2081 Vino
395 2049 576 2082 redundans
599 2049 761 2080 vasculum

334 2096 431 2137 Signa
454 2099 524 2127 sunt
550 2095 782 2128 sanctimoniae.

255 2179 262 2186 .
289 2153 313 2184 O
340 2153 469 2184 lucerna
493 2151 713 2191 confessorum,

289 2200 384 2238 Quem
409 2199 574 2239 praeclara
597 2198 778 2230 meritorum

335 2246 464 2281 Attollit
490 2245 684 2285 excellentia,

336 2293 482 2334 Tuomm,
508 2295 608 2335 pater,
635 2292 728 2332 expia

898 810 934 840 R.

898 1132 932 1162 V.

895 1290 934 1320 A.

964 672 1089 703 Piacula
1113 670 1306 710 famulorum,

965 718 1007 749 Ut
1031 718 1159 756 perenni
1184 718 1342 749 beatorum

1011 764 1069 794 Per
1093 766 1127 793 te
1149 762 1288 795 fruamur
1310 765 1418 803 gloria.

961 809 1059 840 Nobis
1084 809 1253 841 venerandi

1008 854 1213 894 suffragentur
1243 864 1351 893 preces
1376 855 1505 887 Herme-

1282 902 1378 942 laudi,

962 948 1057 986 Quem
1083 946 1183 985 (ligne,
1212 948 1284 978 dum
1309 950 1446 987 perorat,

1007 994 1060 1024 lux
1085 993 1200 1024 coelica
1227 992 1297 1024 fusa
1323 994 1458 1025 decorat.

960 1039 1038 1079 Regi
1061 1039 1143 1070 vitae
1166 1040 1268 1070 vivam

1006 1094 1040 1116 se
1051 1086 1106 1116 dat
1111 1088 1236 1116 sanctus
1243 1085 1377 1117 hostiam
1388 1086 1491 1117 laudis

959 1132 1015 1170 Tu,
1042 1139 1116 1171 grex
1143 1132 1221 1162 coeli
1244 1134 1377 1169 sanctus,

1008 1178 1047 1209 de
1072 1177 1138 1208 eive
1163 1178 1276 1208 coelico
1302 1178 1435 1216 plaudis

1082 1240 1126 1267 Ad
1144 1240 1320 1276 Magnificat.

961 1289 985 1320 Ο
1010 1297 1108 1326 sacer,
1134 1297 1151 1319 o
1177 1287 1253 1319 felix

1008 1333 1174 1375 confessor,
1196 1338 1269 1365 vota
1293 1337 1423 1369 tuorum,

960 1379 1171 1411 Hermelande
1193 1383 1285 1418 pater

1007 1427 1150 1464 alemena
1177 1426 1250 1457 audi
1275 1424 1469 1466 famulorum,

960 1473 1004 1504 Ut
1025 1475 1057 1503 te
1083 1472 1216 1503 donante

1004 1518 1112 1550 mundi
1136 1517 1289 1557 fugiamus
1314 1526 1459 1560 amorem⁷

960 1566 1073 1604 Atque,
1100 1565 1208 1596 domus
1232 1565 1357 1596 Domini

987 1612 1164 1643 studeamus
1187 1619 1291 1642 amare
1317 1612 1468 1643 decorem.

1024 1714 1054 1745 A
1066 1714 1084 1745 d
1114 1712 1373 1744 Matutinum.

1094 1777 1304 1804 Invitatorium.

960 1832 1153 1864 Confessoris
1177 1841 1272 1864 ovans

1003 1879 1206 1910 Hermelandi
1235 1878 1345 1909 chorus
1370 1880 1430 1910 iste

960 1925 1134 1964 Depromat
1157 1925 1276 1964 laudes,

1006 1972 1065 2003 Per
1074 1980 1149 2012 quas
1157 1972 1280 2011 placeat
1290 1971 1357 2011 tibi,
1370 1971 1502 2006 Christe.

1018 2075 1063 2106 In
1091 2075 1120 2106 3.
1147 2074 1372 2107 Nocturno.

1135 2139 1264 2166 Prosula.

961 2197 1054 2229 Coelo
1081 2196 1189 2235 dignus

961 2243 1017 2274 Vir
1041 2242 1191 2282 benignus

1005 2290 1200 2323 Mansionem
1224 2291 1342 2330 gloriae

1281 2345 1339 2373 11*
