1656 2491
297 443 332 473 V.

307 545 337 576 3.

800 73 1050 106 *162—

362 168 423 200 Hic
445 169 596 207 virginale
618 167 788 205 praemium

406 214 460 245 Sui
483 215 582 245 victor
606 212 748 250 obtinuit,

362 260 490 299 Sepulta
512 268 569 298 per
593 259 748 290 biennium

403 306 482 344 Ejus
507 314 578 335 caro
601 312 662 334 non
686 303 817 342 putruit,

360 352 395 382 In
421 360 480 389 quo
504 349 632 388 pudoris
656 350 756 380 lilium

405 396 523 428 Violari
547 404 607 426 non
632 394 741 434 potuit.

358 444 455 481 Quam
480 441 564 473 Deus
588 441 659 473 huic
679 440 798 480 tribuit,

408 489 508 527 gratia
532 496 644 527 magna
668 486 735 518 fuit.

364 544 387 576 Ο
414 551 504 582 quam
529 544 668 573 sanetum
692 544 905 581 protestantur

406 589 586 620 Sanctitatis
611 597 717 627 opera,

361 637 424 668 Per
448 643 538 674 quam
562 634 662 666 morbi
683 637 730 666 tot
747 636 903 673 curantur,

406 681 584 721 Languores
609 683 640 711 et
663 681 801 716 vulnera,

362 727 454 759 Caeci
478 727 596 767 vident,
621 727 697 756 muti
719 725 824 757 fantur

408 773 469 803 Per
494 771 654 803 Guillermi
680 780 816 808 munera,

362 819 445 856 Quae
469 820 540 848 sunt
563 818 732 854 innumera,

409 863 498 894 nobis
522 866 623 894 tamen
649 863 751 894 omnia
775 871 857 894 vera.

430 973 474 1003 In
500 973 529 1003 3.
556 972 778 1005 Noe-turno.

504 1035 693 1070 Anfiphonae.

332 1115 339 1122 .
366 1091 553 1123 Guillermus
577 1091 644 1122 sine
667 1092 787 1123 macula

411 1137 564 1175 Operatur
584 1137 745 1177 Justitiam,

364 1183 497 1213 Intravit
519 1182 718 1214 tabernacula

411 1227 470 1258 Dei
494 1228 592 1266 patris
616 1230 648 1258 et
669 1228 807 1267 gloriam.

367 1283 461 1320 Deus,
487 1282 538 1321 qui
557 1282 653 1313 vitam
677 1283 793 1321 gloriae

414 1326 581 1358 Guillermo
606 1327 750 1365 tribuisti,

363 1373 413 1404 Da
436 1372 524 1403 nobis
548 1373 634 1412 sequi
658 1373 775 1412 gratiae

412 1418 510 1458 Viam,
536 1427 624 1457 quam
649 1420 846 1458 praecepisti.

336 1497 343 1504 .
371 1472 557 1504 Guillermus
580 1481 693 1504 nocens
717 1475 841 1513 nemini,

414 1518 475 1548 Per
499 1519 613 1558 gradus
639 1519 775 1550 caritatis

369 1564 525 1595 Scandens
547 1564 578 1594 in
602 1567 734 1596 montem
757 1565 882 1597 Domini

413 1609 548 1648 Quiescit
573 1618 638 1641 cum
661 1610 770 1642 beatis.

502 1690 702 1726 Responsoria.

335 1771 341 1778 .
368 1748 429 1778 Per
444 1747 524 1778 hunc
540 1750 639 1779 mater
653 1748 685 1779 in
705 1749 793 1780 domo
810 1749 906 1781 filium

366 1793 387 1824 J
387 1801 436 1824 am
451 1792 608 1825 combusta
617 1803 722 1825 sanum
731 1799 904 1837 recuperat,

367 1837 610 1878 Naufragantum
635 1839 735 1872 factus
755 1841 906 1881 refugium

365 1885 455 1916 Mare
477 1885 575 1927 sedat,
600 1887 745 1925 procellis
762 1887 905 1928 imperat,

364 1930 469 1962 Naves
488 1931 590 1963 salvat
604 1932 644 1963 ad
660 1941 695 1963 se
712 1932 907 1965 clamantium

365 1976 409 2007 Et
438 1985 585 2015 personas
611 1979 749 2016 captivas
774 1980 904 2020 liberam

333 2048 339 2054 .
364 2023 401 2053 In
425 2031 483 2061 quo
508 2023 560 2061 qui
583 2027 699 2064 sperat,

414 2068 478 2106 ejus
502 2068 646 2110 suffragia
669 2074 805 2110 quaerat.

337 2149 343 2155 .
367 2123 405 2154 In
427 2123 564 2154 mamilla
583 2126 695 2156 misere

413 2168 567 2206 Quaedam
591 2172 771 2211 aegrotavit,

365 2214 459 2252 Quam
486 2224 622 2249 corosam
645 2218 749 2250 ulcere

411 2260 528 2293 Dolens
552 2265 732 2306 amputavit,

1026 163 1137 203 Corde,
1161 163 1276 202 verbis,
1302 171 1397 202 opere

1072 210 1217 241 Sanctum
1241 208 1389 247 visitavit,

1024 256 1106 288 Sauo
1131 254 1267 294 gaudens
1291 254 1387 285 ubere

1068 300 1201 332 Domum
1227 301 1386 331 remeavit.

959 348 997 379 V.
1022 346 1092 378 Hoc
1115 346 1176 377 sibi
1202 345 1339 385 donavit,

1071 401 1160 432 quem
1185 400 1262 431 puro
1288 393 1382 423 corde
1406 392 1537 431 rogavit.

1121 486 1137 517 I
1147 494 1167 515 11
1192 484 1219 516 L
1227 494 1245 516 a
1253 493 1274 514 u
1284 484 1323 515 di
1332 484 1351 515 b
1360 493 1381 514 u
1390 493 1413 514 s.

1168 547 1360 584 Antiphonae.

972 606 1000 637 1.
1027 604 1160 637 Domum
1182 605 1258 644 justi
1282 613 1343 636 non
1368 604 1471 635 obruit

1071 652 1239 683 Ventorum
1264 651 1491 691 importunitas,

1026 697 1094 729 Nec
1118 697 1204 737 aquis
1225 697 1331 728 multis
1355 697 1458 736 potuit

1071 744 1149 782 Ejus
1175 743 1328 781 exstingui
1353 743 1479 776 caritas.

970 800 999 830 2.
1027 798 1216 830 Guillermus
1239 798 1275 828 in
1301 797 1422 828 laetitia

1071 844 1184 876 Coram
1206 843 1274 874 Deo
1298 843 1440 884 servivit,

1027 890 1120 927 Cujus
1144 891 1251 929 portas
1277 892 1309 920 et
1331 889 1414 921 atria

1072 935 1237 967 Confessor
1261 935 1411 967 introivit.

971 992 1001 1024 3.
1027 990 1121 1029 Deus,
1148 990 1188 1021 ad
1214 993 1245 1021 te
1269 990 1419 1030 vigilabat

1071 1035 1186 1067 Sitiens
1211 1037 1338 1070 orando,

1028 1081 1120 1120 Cujus
1141 1082 1265 1121 linguae
1290 1083 1498 1114 concordabat

1072 1128 1184 1159 Manus
1209 1129 1377 1167 operando.

970 1184 999 1214 4.
1026 1183 1217 1214 Benedicant
1241 1186 1423 1223 creatorem,

1073 1229 1129 1267 Qui
1155 1230 1273 1261 creavit
1292 1231 1405 1269 omnia,

1026 1274 1085 1314 Qui
1108 1283 1165 1313 per
1189 1284 1278 1306 suum
1303 1275 1512 1308 confessorem

1073 1320 1134 1351 Tot
1156 1319 1233 1351 facit
1255 1322 1419 1361 magnalia.

970 1377 1001 1408 5.
1028 1375 1123 1415 Coeli,
1147 1379 1264 1418 terrae⁷
1287 1378 1396 1416 maria,

1073 1421 1181 1460 Sonus,
1208 1432 1268 1454 vox
1293 1426 1323 1453 et
1347 1432 1449 1458 sermo

1026 1467 1085 1498 Dei
1111 1467 1260 1499 beneficia

1073 1514 1218 1545 Laudent
1240 1516 1273 1545 in
1298 1514 1478 1547 Guillermo.

1144 1585 1189 1612 Ad
1208 1586 1389 1615 Benedictus.

962 1641 999 1671 A.
1027 1643 1051 1674 O
1080 1641 1261 1684 Guillerme,
1287 1648 1396 1681 pastor
1421 1647 1552 1686 egregie,

1026 1688 1123 1719 Tutor
1131 1688 1243 1728 gregis,
1254 1689 1391 1729 lucerna,
1401 1692 1572 1730 speculum,

1028 1734 1203 1765 Briocensis
1230 1735 1323 1767 decus
1349 1737 1510 1779 ecclesiae,

1026 1779 1150 1811 Morum
1162 1780 1291 1821 lampas,
1307 1784 1466 1822 exemplar
1479 1794 1569 1824 prae—

1350 1829 1461 1870 sulum,

1030 1873 1091 1904 Ora
1113 1876 1234 1911 patrem
1259 1874 1502 1916 misericordiae,

1027 1917 1072 1950 Ut
1076 1927 1132 1949 nos
1138 1919 1248 1960 salvet,
1254 1920 1371 1953 clerum
1378 1925 1409 1953 et
1414 1924 1573 1963 populum.

1096 2011 1140 2042 In
1166 2013 1195 2043 2.
1224 2013 1437 2052 Vesperis,

1147 2075 1191 2102 Ad
1209 2076 1385 2112 Magnificat.

962 2130 1001 2162 A.
1028 2131 1052 2162 O
1075 2140 1187 2171 magna
1212 2134 1376 2167 elementia

1074 2176 1182 2209 Nostri
1206 2180 1381 2222 salvatoris,

1028 2223 1086 2262 Qui
1109 2225 1155 2255 tot
1178 2234 1236 2263 per
1260 2226 1406 2269 suffragia

1074 2269 1129 2301 Sui
1154 2271 1340 2305 confessoris
