1674 2492
161 858 190 890 1.

162 2028 191 2060 1.

162 2236 193 2267 2.

664 60 915 96 ——201-

213 151 346 183 Fructus
372 153 562 192 centuplices

258 199 382 239 recipis,
408 199 585 243 Mauroute,
606 209 757 240 perennes

214 244 260 277 Ob
284 245 411 285 pietatis
437 255 524 287 opus,

260 301 280 323 a
302 293 334 322 te
358 292 441 331 quod
461 294 594 332 sumpsit
616 294 756 326 Amatus.

182 381 188 388 .
215 357 277 388 Res
302 357 459 396 operando
481 366 586 390 sacras

261 406 293 434 te
316 403 430 435 mansit
453 407 561 436 sancta
583 405 738 447 voluntas,

217 449 278 480 Per
301 447 376 480 fidei
399 451 552 490 meritum,

260 495 436 535 Mauronte,
462 497 622 536 amplexus
646 497 757 528 Iesum.

183 584 190 592 .
216 560 382 592 Praeclaro
407 562 510 593 sonitu

261 615 374 638 nomen
396 607 539 639 mirabile
562 608 644 648 Iesu,

217 653 305 692 Quod
331 653 424 685 coluit
448 654 550 693 terris,

261 699 403 732 modulat
413 700 596 731 Maurontus
609 699 641 729 in
654 699 756 732 astris,

353 791 554 823 Responsoria.

216 857 300 888 Altis
328 859 429 889 ortum
451 857 632 895 parentibus

213 903 412 934 Maurontum
436 902 533 934 sacris
558 902 695 934 fontibus

215 949 383 980 Dedicavit
406 949 570 980 Richarius

218 995 321 1027 Sacris
345 995 530 1027 sacrandum
555 994 685 1035 actibus,

216 1042 274 1073 His
298 1042 438 1073 imbuens
461 1041 640 1080 primordiis

217 1088 270 1119 Ad
297 1089 422 1119 laudem
446 1088 556 1119 summi
579 1088 713 1119 numinis

217 1134 310 1165 Hunc
334 1134 491 1165 admotum
516 1134 718 1166 Christicolis.

187 1224 192 1230 .
219 1198 413 1230 Solemnibus
437 1198 583 1238 tripudiis

220 1245 379 1277 Mauronti
403 1243 516 1277 festum
540 1244 653 1276 nobilis

220 1291 373 1331 colentes,
401 1291 532 1332 Christe,
558 1299 750 1331 quaesumus,

219 1338 263 1370 Ut
286 1346 343 1369 nos
367 1338 497 1369 mundes
522 1346 541 1368 a
564 1337 709 1369 sordibus

216 1384 317 1423 HuJus
342 1384 443 1424 adJ'uti
465 1383 594 1423 meritis,

218 1431 314 1469 Quem
338 1431 464 1462 sociasti
487 1430 619 1469 superis,

217 1477 308 1508 Diem
334 1478 420 1516 cujus
445 1477 608 1515 obsequiis.

218 1542 352 1574 Actibus
378 1541 497 1573 eximiis

264 1588 386 1628 pollens
410 1588 593 1620 Maurontus
618 1588 725 1619 herilis

218 1636 281 1667 Per
303 1635 431 1675 pietatis
456 1642 545 1673 opem

265 1681 343 1713 coeli
366 1682 511 1720 pervenit
533 1681 575 1712 ad
598 1689 710 1720 arcem,

217 1728 276 1760 Vir
298 1727 416 1768 probus
439 1728 501 1758 iste
522 1728 625 1766 nimis,

266 1774 347 1806 bene
356 1774 512 1812 complens
524 1774 668 1813 dogmata
676 1774 763 1814 legis.

283 1896 384 1927 1112.
412 1894 636 1927 Nocturno.

362 1967 555 2004 Antiphonae.

218 2026 389 2060 illecebras
415 2026 517 2057 earnis

265 2074 450 2106 Maurontus
474 2081 580 2105 amore
603 2074 739 2105 tonantis

219 2121 422 2161 Exsuperans
446 2128 575 2160 superos

285 2168 370 2200 Coeli
395 2167 559 2199 comitatur
583 2166 732 2198 alumnos.

220 2233 331 2272 Corde,
357 2232 430 2275 fide,
456 2232 598 2265 manibus

265 2280 433 2313 laudabilis
459 2283 552 2321 atque
576 2279 726 2320 benignus

823 272 853 303 3.

831 2046 861 2079 3.

882 154 1074 194 Complacuit
1096 154 1228 186 Domino

925 202 1107 233 Maurontus
1133 201 1219 233 dives
1242 200 1275 230 iu
1298 198 1377 238 ipso.

881 272 905 304 Ο
931 280 1022 310 quam
1046 270 1230 302 candidulus

926 318 1041 349 renitet
1058 318 1241 349 Maurontus
1264 316 1298 348 in
1319 316 1422 353 astris,

879 363 944 396 Hos
971 364 1095 404 capiens
1120 362 1248 402 fructus,

926 419 1001 449 quos
1026 411 1106 442 coeli
1127 410 1264 449 parturit
1286 410 1404 441 hortus.

850 502 856 509 .
881 478 1055 511 Mirificans
1079 481 1111 511 in
1135 482 1292 510 aeternum

927 528 1066 557 sanetum
1090 535 1177 557 suum
1200 525 1400 557 Maurontum

880 571 1075 604 Glorificatio
1101 571 1215 604 Christi

927 618 1094 650 extollatur
1118 627 1137 649 a
1158 616 1258 649 nobis.

847 710 854 718 .
884 687 979 719 Sacer
999 687 1095 719 levita
1117 687 1301 718 Maurontus

929 742 986 771 pro
1010 734 1124 765 nostris
1150 733 1304 765 erratibus

883 779 993 812 Coram
1017 779 1083 811 Deo
1108 780 1265 811 salvatore

927 828 1072 864 exsurgat
1097 825 1280 857 causidicus.

848 920 855 926 .
882 895 988 935 Ipsum
1012 903 1046 925 se
1070 903 1158 926 sacro

911 941 1042 972 dederat
1064 941 1249 973 Maurontus
1273 942 1395 983 Amato,

882 988 1018 1019 Praedia
1041 988 1237 1027 praescripta

931 1034 1069 1073 tradens,
1084 1042 1162 1073 quae
1169 1036 1240 1065 sunt
1248 1043 1313 1074 sua,
1328 1035 1424 1065 carta.

1020 1134 1225 1170 Responsoria.

849 1226 856 1233 .
882 1201 917 1232 In
942 1201 1048 1232 laicali
1071 1202 1227 1232 schemate

883 1246 946 1278 Sub
972 1247 1105 1286 quodam
1131 1248 1245 1287 degens
1268 1250 1407 1285 tempore

883 1293 1066 1325 Maurontus
1090 1293 1185 1325 missa
1206 1294 1266 1325 hac
1289 1293 1392 1332 specie

885 1339 925 1371 Se
951 1340 1080 1371 contulit
1105 1340 1262 1379 ecclesiae,

882 1386 918 1417 In
944 1395 1004 1424 qua
1027 1386 1179 1424 susceptis
1203 1385 1351 1426 gradibus

883 1431 1008 1471 Magnis
1034 1433 1133 1464 crevit
1156 1432 1318 1472 operibus,

883 1479 1040 1518 Quaerens
1064 1487 1233 1518 supernam
1258 1478 1391 1517 speciem

882 1525 944 1556 Per
970 1525 1132 1557 clericatus
1157 1525 1297 1557 ordinem

885 1571 1042 1604 Virtutum
1067 1572 1151 1603 subit
1173 1571 1302 1612 apicem,

852 1672 859 1678 .
883 1646 1066 1678 Maurontus
1091 1647 1142 1679 hic
1167 1647 1296 1687 deicola,

884 1694 1031 1724 Amatum
1055 1694 1178 1732 pulsum
1201 1694 1305 1733 patria

886 1740 1053 1778 Postquam
1077 1741 1130 1779 pie
1153 1740 1334 1778 susceperit,

885 1785 1041 1824 Quidquid
1065 1786 1209 1826 habebat,
1237 1786 1376 1819 contulit.

851 1857 858 1864 .
885 1832 909 1864 O
935 1841 1025 1871 quam
1049 1831 1125 1864 felix
1150 1833 1347 1872 consortium,

886 1879 947 1910 Per
973 1878 1110 1910 catitatis
1134 1879 1289 1911 vinculum

886 1925 1072 1965 Magistrum
1094 1928 1201 1957 notum
1227 1926 1354 1957 coelitus

888 1971 983 2003 Carus
1008 1971 1075 2004 Deo
1101 1972 1279 2012 discipulus.

887 2045 996 2085 Regna
1019 2047 1086 2086 poli
1109 2046 1216 2078 sitiens

932 2093 1115 2125 Maurontus
1142 2097 1270 2133 pectore
1292 2095 1429 2134 prudens

888 2139 979 2171 Dona
1003 2140 1120 2172 caduca
1144 2141 1240 2180 dedit,

933 2186 994 2218 sibi
1018 2187 1085 2226 quis
1109 2196 1255 2220 mansura
1278 2189 1404 2228 paravit

822 2233 860 2267 V.
886 2233 938 2265 Ad
962 2234 1097 2273 patriam
1121 2235 1203 2267 vitae

934 2281 1065 2315 tendens
1089 2282 1301 2319 sanctissimus
1325 2283 1395 2318 iste.
