1656 2491
720 90 967 125 —172—

224 189 255 219 3.
279 186 348 217 Viri
372 186 468 217 clausi
488 186 602 216 exitum

216 1001 245 1031 fh

321 233 375 264 1νο
399 231 557 269 reseravit,

275 278 387 309 Futuri
410 277 621 308 absconditum

324 325 414 356 Clare
436 321 632 361 prophetavit

274 369 318 400 Et
342 370 405 407 ejus
431 367 611 399 demeritum

319 415 402 445 Ante
423 413 617 452 propalavit3

240 485 247 492 .
273 459 389 492 Lumen
415 462 459 489 est
484 459 649 498 insolitum,

273 505 337 542 Quo
360 504 494 535 futurum
519 505 646 535 volitum

318 550 458 581 Hominis
481 550 671 581 monstravit.

337 670 381 700 In
407 671 436 702 3.
462 670 684 702 Nocturno.

414 742 603 778 Antiphonae.

242 823 249 830 .
275 798 311 829 111
337 797 412 829 coeli
436 798 633 829 tabernaculo

317 844 372 875 Iro
395 844 552 882 habitavit

271 889 345 921 Cum
372 891 410 921 de
435 890 534 921 carnis
559 890 680 921 vinculo

319 935 452 974 Spiritus
477 936 602 967 volavit.

273 999 308 1031 111
334 1001 447 1030 virtute
470 1004 533 1037 tua,
561 999 691 1038 Christe,

316 1046 452 1076 Aeterne
475 1046 608 1076 laetatur

272 1091 403 1130 Magnus
427 1091 491 1128 Ivo,
517 1094 639 1122 sanctus
663 1092 732 1129 iste,

315 1136 358 1167 Et
382 1136 597 1175 congloriatur.

237 1225 245 1232 .
270 1201 419 1232 Innocens
443 1202 497 1232 Ivo
521 1202 671 1240 manibus,

315 1246 537 1277 Mundissimus
560 1249 671 1286 mente,

274 1291 396 1324 Gaudet
420 1300 487 1323 cum
511 1294 626 1323 sanctis
651 1293 790 1324 omnibus

316 1338 354 1369 In
377 1338 494 1377 gloriae
516 1343 629 1371 monte.

407 1423 607 1458 Responsoria.

243 1507 249 1512 .
274 1482 336 1514 Hic
359 1484 482 1522 pietatis
506 1493 600 1522 opera

318 1529 373 1560 Ivo
398 1532 508 1561 cuncta
529 1530 678 1569 implevit,

275 1573 350 1606 Cum
374 1583 536 1614 egenorum
561 1577 680 1608 viscera

320 1620 405 1662 Cibo,
431 1624 507 1659 potu
531 1623 664 1661 replevit

270 1666 314 1697 Et
335 1667 419 1697 nuda
442 1667 550 1698 horum
575 1677 704 1706 corpora

316 1712 507 1744 Indumentis
532 1714 706 1754 complevit,

238 1783 244 1789 .
272 1758 450 1796 Sepulchris
474 1760 601 1791 tradens
625 1759 732 1792 funera

272 1803 316 1835 Et
338 1805 416 1836 vivis
442 1805 548 1836 domus
571 1805 700 1838 foedera

318 1849 428 1881 Cetera
451 1852 641 1890 adimplevit.

240 1938 247 1944 .
273 1914 354 1945 Dum
378 1915 439 1945 suis
462 1917 518 1947 Ivo
541 1917 681 1948 manibus

274 1960 390 1990 Panem
413 1962 543 1998 praebet
565 1964 763 2005 pauperibus,

317 2006 408 2037 Panis
432 2007 663 2049 multiplicatur,

267 2051 310 2082 Et
332 2060 405 2083 arca
427 2053 519 2090 plena
542 2053 681 2094 frugibus

272 2097 398 2128 Collatis
420 2098 629 2139 indigentibus

315 2144 433 2175 Iterum
456 2146 638 2184 cumulatur,

236 2215 243 2222 ‚
269 2189 457 2228 Dispergens
483 2192 559 2223 dans
584 2195 742 2233 egentibus

268 2235 316 2267 De
341 2237 404 2267 suis
429 2238 546 2269 cunctis
570 2239 679 2279 opibus

316 2282 353 2313 In
379 2283 462 2314 coelo
486 2285 674 2321 lucrabatur,

879 185 910 216 3.
935 182 1035 222 Ligna
1059 184 1149 213 curta.
1170 182 1400 221 protenduntur

934 228 978 259 Et
1000 229 1143 267 praecisa
1167 230 1372 261 renascuntur

981 274 1083 313 Supra.
1103 275 1165 305 vim
1191 278 1329 315 naturae,

936 320 1045 352 Subito
1071 321 1143 352 dum
1165 321 1400 359 promittuntur,

936 366 1011 397 Cum
1031 366 1119 398 Ivoni
1144 366 1346 398 conferuntur

979 413 1031 443 Ad
1057 421 1134 451 opus
1157 415 1342 452 structurae,

869 458 905 491 V.
930 457 1070 497 Florem,
1096 467 1216 490 sursum
1241 458 1401 497 eriguntur

931 503 974 534 Et
999 505 1039 536 ad
1064 507 1177 536 statum
1201 506 1393 536 reducuntur

977 551 1159 582 Primaevae
1182 553 1320 582 naturae.

1042 679 1072 710 A
1084 680 1104 710 (1
1128 679 1155 711 L
1167 688 1214 710 au
1223 680 1243 710 (1
1253 687 1301 709 es.

1076 752 1268 788 Antiphonae.

875 821 904 850 1.
931 818 1063 850 Indutus
1087 821 1135 849 est
1157 821 1282 849 sanctus
1306 818 1363 849 Ivo

978 864 1122 895 Divinum
1150 864 1291 895 decorem

932 910 974 942 Et
997 912 1102 950 gustat
1126 911 1165 941 de
1190 910 1267 941 coeli
1291 910 1358 941 rivo

976 957 1144 987 Aeternum
1172 956 1339 987 dulcorem.

875 1032 905 1062 2.
931 1030 1057 1061 1vone1n
1078 1030 1293 1068 presbyterum

978 1076 1087 1108 Cuncti
1111 1076 1246 1108 exaltate

930 1121 974 1153 Et
996 1131 1053 1161 pro
1080 1122 1160 1154 dono
1185 1131 1311 1161 operum

975 1168 1043 1199 Deo
1063 1168 1205 1206 jubilate.

875 1242 904 1273 3.
930 1241 982 1273 Ad
1007 1244 1101 1281 tuam,
1128 1243 1193 1283 ivo,
1219 1242 1349 1282 gloriam

979 1287 1084 1320 Sitivit
1105 1289 1191 1320 Deus
1215 1297 1301 1320 meus

932 1334 1020 1365 Sicut
1043 1334 1084 1366 ad
1108 1336 1270 1366 victoriam

975 1379 1082 1411 Fortis
1103 1381 1321 1413 Maccabaeus.

873 1454 903 1485 4.
929 1453 985 1485 Ivo
1009 1454 1102 1484 laude
1126 1455 1295 1486 carminum

974 1500 1012 1531 In
1037 1499 1101 1531 vita
1124 1500 1217 1531 beata

931 1544 1095 1576 Benedicit
1117 1546 1283 1578 Dominum

975 1591 1036 1622 Per
1061 1595 1171 1623 cuncta
1195 1595 1308 1624 creata.

876 1665 904 1695 5.
931 1665 967 1695 111
993 1667 1168 1696 sanctorum
1194 1666 1325 1697 ecclesia

975 1710 1058 1742 Laus
1081 1714 1171 1743 sonet
1192 1712 1309 1752 lvonis,

931 1755 989 1793 Qui
1012 1756 1101 1787 sedet
1123 1758 1154 1789 in
1178 1759 1278 1797 gloria

974 1803 1012 1833 1n
1035 1806 1210 1835 sanctorum
1234 1806 1363 1838 thronis.

1048 1903 1094 1930 Ad
1112 1905 1291 1933 Benedictus.

866 1967 904 1998 A.
933 1967 1017 2000 Coeli
1037 1971 1152 2010 gaudet
1175 1975 1326 2004 rosarium

974 2016 1121 2047 Adventu
1145 2026 1243 2050 novae
1268 2028 1367 2059 rosae,

931 2061 1044 2100 lvonis,
1071 2063 1156 2101 cnjus
1181 2063 1289 2096 folium

934 2107 1094 2139 senarium

975 2154 1068 2185 Vitae
1090 2155 1265 2188 laboriosae

930 2198 1059 2232 Transit
1081 2202 1121 2233 ad
1146 2204 1355 2241 septenarium

930 2245 1126 2284 Stipendium

976 2293 1115 2326 Coronae
1138 2297 1299 2336 gloriosae.
