1679 2491
704 67 954 102 —223—

326 159 388 191 Ad
411 159 672 194 Matutinum.

391 232 604 261 Invitatorium.

256 289 386 321 Trinum
410 289 511 321 Deum
536 291 746 323 collaudemus

302 338 484 374 regnantem
508 337 541 369 in
566 337 671 378 caelis,

255 381 441 414 Recolentes
464 384 644 415 memoriam

305 429 406 460 sancti
430 429 610 468 Raphaelis.

323 540 425 574 1111.
453 540 675 575 Nocturno.

402 614 468 641 Anti
472 614 592 650 phonae.

203 672 232 703 1.
262 669 359 710 Coeli,
386 672 436 711 qui
462 674 535 703 sunt
557 672 685 711 spiritus

303 718 426 756 patriae
451 718 602 760 coelestis,

259 763 419 795 Enarrant
442 764 502 795 Dei
526 765 656 804 gloriam

303 810 400 850 signis
423 809 608 844 manifestis,

200 866 231 897 2.
257 865 342 897 Mira
365 874 416 898 res
441 867 625 905 ostenditur,

304 921 372 944 cum
395 911 510 944 Tobias
534 915 670 954 sanatur,

257 958 434 990 Humanam
460 957 593 998 effigiem

304 1005 447 1044 Raphael
470 1006 618 1038 imitatur.

201 1060 232 1091 3.
259 1059 380 1098 Quanta
400 1061 493 1099 justis
517 1062 643 1092 moestis
667 1061 759 1092 (latur

304 1114 376 1146 spes
392 1106 635 1147 misericordiae,

353 1153 389 1184 In
416 1153 529 1184 viando

304 1200 381 1233 Cum
405 1199 523 1232 Tobiae
546 1200 679 1231 mittitur

350 1246 492 1285 Raphael
519 1247 716 1278 consolando.

397 1329 598 1364 Responscria.

203 1385 234 1417 1.
259 1385 428 1417 Miserator
452 1386 602 1418 Dominus

304 1434 336 1462 et
354 1432 456 1470 justus
480 1432 651 1464 retributor

259 1477 377 1510 Tobiae
401 1477 516 1510 famulo
541 1488 596 1511 suo

304 1524 406 1556 factus
431 1528 479 1556 est
500 1526 634 1565 adjutor,

350 1570 426 1602 Cum
449 1570 550 1603 factus
574 1572 616 1602 sit
640 1581 760 1612 egonus.

189 1617 225 1650 V.
251 1617 416 1650 Furtivum
440 1618 603 1649 abhorruit

253 1664 297 1696 Et
320 1674 376 1696 sua
401 1664 561 1696 distribuit

350 1712 471 1744 Pietate
494 1712 615 1751 plenus,

199 1769 229 1800 2.
258 1767 389 1799 Sanctus
411 1769 503 1806 pater
526 1768 610 1798 solus
631 1769 738 1807 ,iacens

299 1813 367 1845 Deo
393 1814 571 1855 derelictus,

253 1860 303 1892 De
327 1868 382 1891 suo
407 1860 595 1892 relevamine

301 1906 417 1947 cogitat
440 1905 584 1947 afflictus,

347 1953 396 1985 De
419 1962 523 1985 massa
545 1955 693 1985 mutuata.

187 2002 225 2033 V.
251 2001 367 2033 Decem
391 2002 509 2032 talenta
532 2000 667 2032 tradidit

254 2047 395 2087 Gabello,
422 2048 475 2088 qui
494 2056 555 2079 non
581 2047 723 2079 reddidit

348 2095 485 2128 Pecunia
509 2098 680 2127 munerata.

194 2154 224 2185 3.
250 2153 346 2185 Pater
371 2150 468 2183 filium
493 2150 625 2189 vocavit,

249 2200 393 2239 Ignotam
416 2198 499 2231 viam
523 2197 700 2239 imperavit,

249 2246 299 2278 De
322 2254 385 2286 qua
405 2245 529 2285 juvenis
553 2244 727 2287 dubitavit3

296 2293 321 2326 Ο
345 2293 440 2334 Deus,
467 2292 519 2333 qui
543 2295 612 2324 tuos
637 2291 750 2331 salvas,

860 162 886 193 V

869 510 886 542 1

892 190 898 196 .
921 162 984 194 Hic
1007 170 1076 194 cum
1099 161 1231 201 quaerit,

925 208 1048 240 Socium
1072 209 1190 248 reperit

969 255 1199 294 Archangelum

970 300 1166 333 Succinctum
1190 300 1231 332 ad
1254 301 1371 333 valvas,

985 394 1030 426 In
1056 395 1086 428 2.
1113 393 1335 426 Nocturno.

1067 458 1257 493 Antiphonae.

892 535 899 542 .
926 509 1012 541 Sicut
1036 518 1114 549 puer
1138 510 1294 549 egreditur

923 556 967 587 Et
991 557 1074 587 canis
1097 556 1278 596 insequitur,

922 602 1028 634 Mater
1051 600 1127 634 fiens
1153 603 1351 642 conqueritur

972 649 1066 682 Prole
1089 658 1150 680 non
1174 653 1347 689 praesente.

890 728 897 736 .
924 704 1052 744 Lumen,
1077 705 1130 745 ait,
1157 705 1313 737 oculorum

971 761 991 783 a
1013 750 1101 783 nobis
1126 752 1237 782 misisti

922 797 967 828 Et
989 800 1113 828 nostrae
1136 798 1302 829 senectutis

971 844 1114 875 baculum
1140 844 1338 875 transmisisti

1014 890 1052 920 In
1076 888 1140 921 filio
1165 890 1302 923 absente.

891 970 899 977 .
925 945 1018 976 Pater
1042 953 1238 977 reversurum
1262 948 1378 985 sperat,

926 991 1055 1023 Gratum
1080 1000 1203 1030 semper
1225 992 1286 1023 iter
1311 995 1379 1024 erat

970 1037 1090 1077 Angelo
1119 1039 1257 1071 ducente.

1062 1105 1264 1142 Responsoria.

891 1181 898 1187 .
923 1153 1087 1185 Dificultas
1111 1154 1231 1186 itineris

971 1200 1077 1233 Prima
1099 1201 1268 1242 intimatur,

925 1247 988 1278 Per
1010 1247 1130 1278 hostem
1156 1248 1256 1278 nostri
1280 1248 1402 1286 generis

969 1293 1021 1325 Ad
1046 1293 1163 1332 Tigrim
1186 1296 1316 1332 paratur

1014 1339 1125 1371 Bellua
1147 1339 1277 1379 marina,

892 1410 899 1417 .
924 1386 1058 1417 Puerum
1081 1395 1193 1417 vorare
1216 1386 1323 1426 voluit,

925 1431 1020 1469 Quem
1048 1433 1082 1464 in
1105 1433 1221 1464 siccum
1246 1432 1376 1464 attrahit

1017 1478 1126 1510 Gratia
1150 1479 1265 1512 divina.

891 1559 898 1566 .
923 1534 1107 1566 Benedictus
1135 1533 1297 1572 Dominus,

970 1581 1029 1619 Qui
1052 1582 1194 1620 angelum
1218 1581 1377 1613 mandavit

923 1627 966 1659 Et
990 1628 1163 1659 ministrum
1187 1629 1295 1659 mortis

970 1675 1009 1706 ln
1032 1676 1155 1713 pastum
1178 1675 1311 1714 paravit,

923 1720 1017 1758 Quem
1043 1721 1159 1753 occidit
1178 1721 1301 1759 juvenis

969 1770 1000 1798 et
1024 1767 1217 1799 exenteravit
1224 1776 1234 1805 ,-

889 1839 895 1846 .
921 1814 1035 1853 Angeli
1059 1814 1188 1846 consilio

921 1859 983 1891 Pro
1007 1861 1076 1892 viae
1101 1860 1204 1892 edulio

967 1907 1087 1939 Piscem
1111 1907 1293 1941 reservavit.

889 1986 895 1993 .
920 1961 1039 1994 Doctus
1062 1966 1128 1994 tam
1150 1963 1289 1995 medicus

967 2009 1126 2050 Nusquam
1150 2011 1285 2049 auditur,

922 2055 966 2089 Ut
989 2057 1130 2096 Raphael
1155 2059 1217 2088 tam
1241 2057 1407 2097 practicus,

966 2103 1024 2141 Qui
1047 2104 1150 2135 lumen
1173 2104 1305 2143 largitur

1016 2150 1113 2182 Caeco
1138 2154 1287 2192 veterato,

887 2221 894 2228 .
921 2197 1115 2230 ‚Admirando
1140 2207 1234 2237 opere

920 2244 979 2284 Qui
1002 2242 1077 2276 felle
1101 2247 1133 2276 et
1152 2245 1258 2286 jecore

1015 2291 1069 2324 Fit
1093 2301 1199 2333 sospes
1222 2293 1346 2326 iterato.
