1679 2491
727 79 976 114 -125—-

226 173 255 204 5.
281 172 406 204 Laudat
428 170 532 203 fidelis
558 173 674 212 concio,

281 218 357 249 Cum
380 220 507 249 sauctus
530 217 569 248 ab
594 219 741 251 suburbio

330 263 508 295 Collocatur
530 263 563 294 in
586 265 674 304 urbe,

280 309 333 341 Fit
358 310 485 341 coelesti
509 310 653 349 prodigio

282 355 471 394 Sagittarum
495 353 633 396 reflexio,

325 401 480 433 Forenses
504 405 630 441 gemunt
652 403 772 436 turbae.

399 460 444 487 Ad
462 460 643 488 Benedictus.

214 503 254 536 A.
279 503 362 534 Dum
385 501 513 534 floreret
534 503 567 533 in
589 503 649 534 hac
671 503 785 542 areola,

280 549 444 587 Mundum,
461 557 586 580 crimem
598 549 676 581 vicit
686 552 718 580 et
728 549 824 588 idola,

283 595 385 633 Quare
408 595 491 627 trina
515 594 614 634 fulget
637 596 763 627 aureola

281 641 366 673 Coeli
390 640 491 673 factus
518 640 592 672 civis
617 645 648 672 et
671 641 780 672 incola.

1020 173 1064 205 In
1089 174 1117 204 2.
1144 172 1355 212 Vesperis.

1068 254 1113 281 Ad
1132 253 1307 289 Magnificat.

880 321 920 353 A.
945 320 1107 352 Eleutheri

994 365 1159 397 Confessor
1181 366 1297 403 inclite,

944 412 1047 444 Decus
1074 412 1158 452 cleri,

992 457 1086 489 Miles
1111 458 1247 500 emerite,

945 504 998 535 Ad
1022 507 1054 534 te
1080 504 1140 534 rite

992 549 1158 588 Suspirant
1180 550 1297 589 miseri,

947 594 1011 626 Nos
1037 596 1067 626 in
1094 596 1177 626 vitae

990 641 1087 673 Libro
1113 640 1163 672 fac
1187 641 1292 673 inseri.

288 723 373 749 Brev.
397 730 449 748 ms.
475 722 655 749 Tornacense
680 729 753 749 saec.
782 719 823 747 14.
854 720 922 747 Cod.
942 723 1098 749 Tornacen.
1119 723 1197 750 XXI.
1218 723 1251 749 A.
1272 737 1309 742 —-
1331 723 1413 750 Brev.
1441 731 1493 749 ms.

213 758 394 785 Tornacense
419 766 493 785 saec.
522 757 564 784 15.
598 757 666 785 Ood.
689 758 845 784 'roma-zen.
873 757 981 785 XXHI.
1005 759 1037 784 B.
1064 772 1101 776 —
1125 759 1208 785 Brev.
1235 768 1286 785 ms.
1310 760 1492 787 Tornaeense

214 803 287 822 saec.
319 793 362 821 15.
402 795 469 822 Cod.
495 794 621 821 Insulen.
650 791 695 820 42.
724 794 753 820 O.
779 808 815 813 —
840 795 923 821 BreV.
948 802 1000 821 ms.
1029 796 1210 822 Tornaccnse
1235 803 1310 822 saec.
1340 794 1382 822 15.
1423 795 1493 822 (¹011.

212 831 411 859 Valentianen.
433 828 477 857 98.
497 832 533 858 D.
553 844 589 848 —
609 831 691 858 Brev.
707 831 888 857 Tornacensc
906 832 974 865 imp.
997 829 1076 858 1497.
1090 831 1125 857 Ε,
1141 846 1177 850 -
1190 831 1226 858 In
1245 829 1270 859 3.
1286 832 1369 859 Noct.
1384 830 1404 858 Β
1427 830 1452 865 37,
1474 831 1493 859 4

211 868 248 895 In
266 871 377 904 sceptro
396 869 430 896 A⁴
450 882 487 886 —
505 868 563 895 Die
581 867 716 902 Hymnen
735 867 814 894 siehe
832 867 973 894 Analecta
990 867 1034 894 IX
1053 877 1079 903 p.
1103 866 1156 895 194
1175 877 1217 903 sq.

650 1001 698 1032 46.
737 1001 779 1031 De
799 1001 905 1032 sancto
925 1001 1051 1032 Emano.

348 1085 394 1116 In
421 1084 450 1117 1.
475 1084 687 1122 vesperis.

399 1146 444 1174 Ad
461 1145 638 1182 Magnificat.

214 1204 254 1235 A.
279 1203 387 1235 Sancti
409 1202 492 1234 festa
513 1212 597 1234 nunc
619 1204 733 1234 Emani

326 1257 509 1279 veneremur
532 1257 643 1288 annua,

281 1294 340 1334 Qui
363 1294 492 1325 factoris
517 1302 648 1332 sequens
669 1295 757 1332 jussa

329 1341 451 1372 caelebs
475 1340 568 1379 liquit
589 1343 702 1379 terrea,

279 1387 341 1419 Pro
367 1387 477 1426 quibus
503 1389 550 1417 est
573 1389 756 1425 aggregatus

327 1433 446 1464 choreis
472 1432 656 1463 coelestibus

279 1479 340 1511 Dei
361 1479 450 1517 jussu
476 1481 505 1509 et
528 1479 644 1509 laureis

326 1524 477 1564 proclivis
499 1524 710 1556 vernantibus.

350 1645 403 1676 Ad
427 1644 693 1677 Matutinum.

414 1709 626 1736 Invitatorium.

279 1761 450 1792 Salvatoris
474 1760 582 1791 mundi
607 1768 711 1792 omnes

326 1814 508 1837 veneremur
532 1807 673 1846 gratiam,

277 1852 338 1893 Qui
360 1853 514 1884 Emanum
538 1851 599 1883 sibi
621 1861 745 1883 servum

326 1898 462 1931 adscivit
483 1897 668 1930 mirabilem.

342 2020 388 2052 In
416 2020 445 2054 1.
472 2019 529 2050 No
540 2021 698 2051 eturno.

419 2083 612 2119 Antiphonao.

217 2143 247 2176 1.
272 2140 476 2173 Beatissimus
499 2141 638 2172 Emanus

321 2188 479 2220 natalibus
503 2187 629 2227 optimis

276 2234 497 2275 Cappadociae
521 2234 644 2266 telluris

321 2281 472 2314 oriundus
497 2280 627 2314 exstitit.

889 1085 921 1115 2„
945 1083 1103 1116 Pueritiae
1126 1083 1182 1114 sub
1208 1085 1298 1115 annis

992 1129 1095 1160 adhuc
1118 1129 1187 1168 ipse
1210 1130 1331 1167 positus

945 1175 1041 1206 Bonis
1067 1175 1169 1213 coepit
1191 1175 1258 1214 regi
1282 1184 1389 1215 regum

995 1221 1188 1259 complacere
1210 1222 1358 1254 moribus.

890 1286 920 1316 3.
948 1284 1029 1316 Nam
1053 1293 1111 1324 pro
1136 1293 1228 1322 posse
1249 1287 1368 1315 vestem
1389 1285 1491 1325 nudis,

994 1330 1096 1361 cibum
1119 1328 1201 1361 fame
1225 1331 1387 1371 morbidis,

949 1376 1060 1407 Potum
1084 1384 1178 1415 saepe
1202 1376 1329 1415 sitienti,

993 1423 1123 1454 verbum
1147 1422 1253 1461 pravis
1280 1423 1418 1455 contulit.

1084 1495 1288 1530 Responsoria.

891 1547 921 1580 1.
946 1546 1008 1578 Hic
1031 1547 1169 1578 Emanus
1194 1555 1302 1578 servus
1328 1546 1453 1586 Christi,

992 1595 1077 1624 ortus
1104 1592 1312 1632 Cappadocia,

949 1638 1016 1671 Sibi
1039 1648 1160 1670 morum
1183 1640 1377 1671 honestatem

993 1685 1127 1724 sumpsit
1150 1685 1189 1716 ab
1215 1685 1358 1724 infantia,

881 1731 919 1765 V.
944 1732 1026 1763 Nam
1051 1731 1203 1770 imprimis
1228 1731 1390 1762 literarum

992 1778 1128 1809 traditur
1152 1778 1194 1808 ad
1217 1778 1331 1809 studia.

890 1843 922 1874 2.
948 1841 1024 1874 Cum
1048 1842 1209 1873 doctorum
1231 1841 1292 1872 sibi
1315 1842 1412 1873 sentit

996 1888 1116 1926 copiam
1142 1887 1285 1927 deficere,

946 1934 1078 1965 Romam
1103 1934 1207 1973 pergit
1227 1934 1292 1972 jam
1317 1933 1455 1966 decursis

995 1980 1083 2011 annis
1107 1979 1270 2020 pueritiae,

883 2026 919 2057 V.
946 2025 1017 2057 Illic
1040 2025 1156 2057 fontem
1180 2029 1343 2066 potaturus

994 2072 1146 2111 spiritalis
1171 2074 1298 2113 gratiae.

889 2139 919 2171 3.
946 2138 1029 2169 Hinc
1054 2137 1219 2170 Carnotum
1245 2147 1314 2170 cum
1337 2138 1449 2179 abiret,

989 2184 1060 2223 ipse
1081 2185 1115 2216 in
1137 2185 1251 2216 itinere

947 2231 1097 2264 Claudum
1123 2231 1277 2273 quendam
1302 2232 1431 2271 sopitati

991 2277 1132 2310 reddidit
1156 2279 1318 2310 celerrime
