1656 2491
245 196 279 227 3.
305 193 419 224 Caesar
441 201 538 223 vanus
563 191 718 222 Adrianus

305 239 394 277 Cogit
415 246 521 269 servos
546 236 659 268 Christi
684 242 795 265 nervos

346 283 415 314 Diis
438 281 565 313 flectere
587 280 755 319 gentilium,
898 278 934 310 V.

302 329 366 360 Sed
387 328 545 366 trucidati,
568 324 725 365 flagellati,

303 374 446 410 Omnian,
472 372 604 404 lanceati

345 419 495 450 Fatentur
517 416 577 448 Dei
599 414 705 454 filium,

264 489 270 495 .
296 463 472 495 Daemoniis
495 464 588 501 plena

344 511 415 539 sunt
437 507 531 546 idola,
559 514 633 538 voce
656 514 782 544 serena;

297 553 418 584 Mariae
440 551 518 590 flori,

344 600 419 631 Cum
435 599 600 636 pneumate
613 597 680 627 laus
693 596 834 636 genitori.
904 615 921 646 1

360 700 405 731 111
431 700 461 731 2.
487 698 709 731 Noeturno.

439 770 629 805 Antiphonae.

264 854 271 861 .
297 827 390 859 Scuto
414 826 579 858 voluntatis
603 826 702 857 bonae

296 872 369 903 Dux
392 871 478 903 fuisti
502 872 534 902 in
555 880 660 912 agone,

295 918 333 949 In
355 920 512 949 aeternum
536 917 742 956 exsultabunt,

297 963 374 1001 Quia
396 966 496 994 tecum
520 962 714 996 habitabunt.

265 1043 271 1049 .
297 1018 417 1049 Nomen
440 1019 526 1047 tuum
548 1017 690 1048 mirabile

298 1062 436 1094 Confessi
460 1066 533 1093 sunt
554 1062 698 1101 Arabiae,

295 1110 333 1140 In
356 1116 476 1139 crucem
501 1117 551 1139 eos
575 1107 776 1147 assumpsisti,

293 1154 375 1185 Nam
400 1156 508 1185 cuncta
532 1154 575 1184 eis
599 1153 766 1192 subjecisti.

263 1234 271 1242 .
293 1209 432 1248 Ingressi
454 1208 520 1239 sine
540 1208 661 1239 macula

292 1254 370 1286 Sunt
392 1258 446 1285 tua
468 1254 676 1293 tabernacula,
900 1254 929 1285 1.

292 1300 465 1331 Adrianum
488 1309 560 1330 nam
583 1299 749 1338 malignum

292 1345 441 1376 vicerunt
462 1353 519 1383 per
543 1345 642 1376 crucis
665 1345 795 1384 signum.

428 1425 630 1460 Responsoria.

262 1509 269 1515 .
295 1480 429 1512 Currant
450 1481 483 1511 in
505 1481 688 1512 arundineto
887 1481 925 1513 V.

292 1526 337 1558 Ut
359 1526 512 1558 scintillae
534 1534 610 1558 voce
632 1527 713 1558 laeto

292 1572 476 1604 Sustinendo
496 1573 663 1612 passiones,
894 1583 925 1614 2.

291 1617 480 1649 ,Iudicabunt
503 1618 651 1649 nationes.

257 1688 264 1694 .
290 1663 327 1694 In
352 1671 442 1694 cruce
464 1663 619 1694 laetantur

338 1712 370 1740 et
392 1710 437 1740 sic
460 1709 582 1747 populis
608 1709 812 1744 dominantur,

256 1790 264 1798 .
288 1764 468 1798 Plantarum
492 1765 570 1795 rami
593 1768 754 1806 acuuntur,
884 1764 921 1797 V.

289 1811 325 1844 In
351 1820 426 1849 quos
450 1811 547 1841 sancti
574 1810 646 1841 dum
668 1810 810 1850 figuntur,

288 1856 379 1887 Feris
404 1860 506 1887 terrae
531 1857 727 1896 deputantur,
894 1867 924 1898 3,

287 1901 455 1933 Morticina
478 1902 631 1933 donantur

290 1946 404 1978 Carnes
429 1947 468 1978 de
490 1950 538 1978 tot
559 1948 681 1979 milibus

290 1991 375 2023 Coeli
398 1992 584 2026 volatilibus,

252 2065 260 2072 .
286 2037 423 2069 Christus
446 2038 595 2070 adoratur

337 2083 377 2115 de
399 2084 573 2124 sanctisque
597 2092 668 2115 esca
687 2089 825 2124 paratur.

255 2166 262 2172 .
288 2139 369 2170 Vere
391 2141 543 2178 martyres
566 2140 660 2181 beati,
883 2141 920 2173 V.

286 2185 352 2223 Qui,
380 2186 451 2217 dum
476 2186 567 2225 caesi,
591 2184 749 2226 flagellati,

286 2231 500 2263 Memorantur
523 2234 719 2271 peccatorum

285 2277 347 2310 Pro
369 2278 469 2309 salute
492 2278 617 2317 horumg

966 188 1031 219 Nos
1054 186 1171 217 solutos
1195 194 1215 216 a
1237 184 1378 224 pestibus

962 233 1087 265 Locetis
1111 232 1143 262 in
1169 230 1363 262 coelestibus.

961 279 1103 311 Victores
1129 276 1220 316 vitae,

1007 324 1131 362 Mundi,
1156 331 1286 361 regnare
1310 322 1429 361 venite;

963 369 1051 401 Patri
1077 378 1143 400 cum
1168 371 1251 407 nato,

1006 415 1090 446 Laus
1115 414 1239 454 spiritui
1263 421 1384 453 quoque
1407 414 1508 452 grato·

1025 505 1070 536 111
1096 507 1126 538 3.
1152 505 1210 535 No
1222 508 1340 536 cturn
1351 513 1381 537 o.

1102 567 1295 601 Antiphonae.

927 640 932 646 ,
959 615 997 646 In
1020 614 1113 645 terris
1138 614 1253 645 sanctis
1279 613 1325 645 vis
1349 614 1486 645 tonantis

958 660 1058 691 Dedit
1078 661 1162 691 clare
1185 668 1345 700 superare,

956 706 1029 737 Dux
1052 706 1196 747 Albium,
1220 705 1372 744 Elyethes

958 752 1095 789 Implent
1118 752 1183 790 ejus
1207 752 1392 782 voluntates.

958 808 1045 839 Haec
1070 805 1186 837 Christi
1209 805 1377 847 generatio,

957 852 1142 884 Hermolaus
1169 859 1237 881 cum
1261 851 1394 882 Achatio

954 897 1116 936 Inquirunt
1144 897 1209 935 ejus
1232 896 1343 928 faciem

957 943 1115 975 Portando
1141 943 1240 973 crucis
1264 942 1373 974 aciem.

956 997 1055 1035 Beati,
1081 1006 1210 1036 quorum
1234 998 1333 1029 oratio

954 1044 1014 1075 Est
1038 1047 1216 1074 cunctomm
1243 1043 1389 1083 expiatio,

956 1088 1034 1127 Quia
1056 1098 1114 1127 pro
1137 1088 1227 1120 nobis
1252 1089 1347 1120 corde
1369 1099 1430 1121 uno

955 1135 1073 1166 Orastis
1099 1135 1149 1166 die
1173 1137 1335 1173 oportuno

1091 1206 1296 1240 Responsoria.

953 1255 1087 1285 Fructus
1109 1253 1233 1292 palmae
1257 1253 1356 1284 crucis
1381 1254 1482 1285 almae

953 1299 1153 1331 Rubicundos
1178 1300 1210 1329 et
1229 1299 1383 1337 jucundos

951 1345 1016 1376 Eos
1039 1343 1117 1375 fecit
1138 1346 1171 1375 et
1192 1343 1313 1383 refecit,

951 1390 1033 1421 Dum
1057 1392 1222 1428 certarent,
1248 1394 1434 1429 superarent

999 1436 1107 1467 Austri
1130 1435 1234 1467 flantis
1257 1437 1366 1475 gratia.

948 1482 992 1512 Hi
1016 1480 1093 1512 facti
1117 1482 1204 1520 digni

998 1530 1071 1558 sunt
1093 1526 1211 1558 fructus
1235 1535 1365 1567 carpere
1387 1529 1474 1568 ligni.

950 1582 1003 1621 Hi,
1031 1582 1070 1613 de
1090 1582 1193 1613 Edom
1217 1583 1269 1621 qui
1291 1588 1452 1622 venerunt,

950 1627 1051 1659 Rubri
1074 1628 1177 1658 cuncti
1200 1636 1254 1659 cur
1278 1627 1402 1660 fuerunt

952 1673 1038 1705 Sicut
1061 1672 1231 1705 multifaria

952 1719 1112 1751 Calcantes
1135 1719 1327 1752 torcularia?

947 1765 1004 1796 Isti
1028 1768 1100 1796 sunt
1122 1765 1181 1797 toti

996 1811 1142 1850 patiendo
1168 1812 1317 1851 sanguine
1339 1813 1407 1846 loti.

951 1867 975 1898 O
999 1866 1124 1905 Achati,
1147 1866 1325 1906 Hermone,

950 1911 1108 1951 Elycthes,
1133 1911 1278 1944 Menolae

949 1958 993 1989 Et
1014 1957 1138 1998 Albine,
1166 1958 1258 1989 duces
1282 1958 1390 2000 fortes,

949 2005 1119 2043 Impetrate
1142 2012 1198 2035 nos
1224 2008 1380 2037 consortes

948 2050 1029 2080 Esse
1051 2051 1259 2089 sempiternae
1279 2052 1357 2083 lucis

948 2097 1011 2127 Per
1034 2096 1179 2127 virtutem
1203 2100 1326 2129 vestrae
1350 2101 1458 2132 erucis.

945 2141 991 2173 Ut
1013 2141 1163 2173 Dominus
1192 2143 1270 2174 caeli

994 2189 1079 2218 tutor
1103 2189 1144 2219 sit
1168 2189 1277 2229 cuique
1299 2188 1397 2231 fideli,

948 2233 1027 2273 Regi
1050 2233 1182 2266 Domino

992 2280 1034 2311 sit
1056 2280 1123 2312 laus
1147 2281 1200 2312 uni
1225 2291 1346 2322 quoque
1368 2285 1462 2320 trino.
