1674 2492
639 79 891 116 —255—

255 171 297 202 In
328 171 355 204 l.
382 170 438 202 No
450 173 607 205 cturno.

333 234 525 269 Antiphonae.

129 289 161 321 1.
186 290 302 321 Beatus
325 291 375 322 vir
396 294 444 323 est
463 292 654 334 Tudgualus‚

187 336 249 367 Per
267 345 357 376 quem
375 338 449 377 vita,
470 348 529 379 per
541 348 631 380 quem
650 342 734 373 salus

231 382 293 414 Est
317 383 391 416 data
413 385 605 420 Britanniae.

130 438 159 469 2.
184 438 247 470 Hic
272 441 319 470 est
342 440 481 479 prudens
505 442 704 483 architectus,

186 485 280 517 Fecit
302 487 383 518 enim
407 496 494 519 suum
520 491 629 528 pectus

232 531 366 564 Domum
391 535 570 573 sapientiae.

130 588 159 619 3.
187 587 436 620 Fundamentum
461 590 555 622 fidem
576 591 663 631 jecit,

188 634 356 666 Caritatem
381 639 498 668 tectum
522 636 608 677 fecit,

234 680 327 720 Spem
352 683 420 714 loco
443 685 606 718 maceriae.

326 756 530 793 Responsoria.

129 810 160 844 1.
186 812 378 853 Tudgualus‚
405 813 601 853 christicola,

231 859 298 890 zelo
325 859 376 890 dei
398 860 519 900 plenus,

186 904 284 936 Dives
310 909 378 937 erat
401 906 482 946 aliis,

233 952 358 983 sibimet
383 961 510 991 egenus,

189 998 334 1036 Quamvis
360 1001 446 1030 ortus
470 999 605 1039 regibuS‚

232 1045 334 1076 animo
359 1054 496 1085 serenus,

121 1090 160 1122 V.
186 1091 384 1130 Ingeminans
410 1092 506 1123 animi

232 1137 396 1169 nobilitate
419 1147 525 1177 genus.

130 1193 160 1225 2.
186 1193 270 1225 Dum
293 1197 440 1226 vernaret
461 1194 557 1235 igitur

232 1240 348 1279 puerili
371 1239 457 1283 flore,

187 1287 259 1319 Jam
285 1287 426 1318 coelestis
451 1288 571 1326 gratiae

234 1334 390 1365 delibutus
413 1342 486 1365 rore

183 1379 389 1412 Adhaerebat
412 1379 524 1412 studiis

232 1427 324 1458 avido
349 1425 482 1459 fervore.

119 1472 155 1504 V.
182 1473 344 1513 Ingenium
370 1473 502 1504 coeleste
525 1474 588 1505 suis

231 1519 367 1550 velocius
392 1520 481 1551 annis

182 1565 289 1605 Surgit
314 1568 345 1596 et
367 1567 498 1606 ignavae

229 1610 292 1644 fert
315 1613 399 1644 mala
425 1612 539 1643 damna
561 1621 675 1646 morae.

124 1669 155 1700 3.
180 1667 297 1700 Factus
322 1670 425 1699 autem
448 1669 570 1707 juvenis

226 1712 325 1746 fretus
349 1714 409 1746 Dei
435 1715 523 1746 donis

180 1760 300 1792 Frenat
324 1761 428 1792 carnis
450 1762 602 1800 impetum

227 1805 317 1838 freno
341 1807 481 1847 rationis,

180 1853 273 1886 Hanc
296 1853 394 1885 solam
416 1854 602 1885 sententiam

224 1900 372 1933 observat
396 1899 547 1932 Nasonis:

113 1948 150 1981 V.
175 1947 284 1979 Virtus
311 1949 358 1979 est
381 1947 516 1986 placidis

222 1994 410 2026 abstinuisse
432 1993 531 2025 bonis,

236 2087 281 2120 In
307 2090 339 2121 2.
365 2088 593 2119 Nocturno.

317 2151 509 2188 Antiphonae.

116 2214 147 2246 1.
173 2212 292 2253 Justus,
317 2208 419 2252 fortis,
444 2212 646 2249 temperatus,

171 2257 315 2291 Prudens
341 2260 409 2289 crat
433 2260 466 2288 et
488 2259 625 2295 ornatae,

216 2303 358 2336 Evitavit
382 2304 467 2338 vitia.

800 177 830 208 2.
856 177 918 208 Hic
940 176 1054 208 nullius
1079 175 1248 216 indigebat,

857 223 999 262 Namque
1022 223 1121 254 Deum
1146 220 1325 262 possidebat

901 270 1115 302 Possidentem
1140 269 1250 303 omnia,

799 335 830 366 3.
855 333 921 365 Lac
942 334 1114 373 praebebat
1134 334 1249 373 J'uniori

857 380 1053 420 Apponendo
1078 379 1200 412 fortiori

901 426 1009 459 Solida
1033 427 1159 461 cibaria.

994 500 1197 535 Responsoria.

800 557 830 588 1.
856 556 1024 587 Parentum
1048 556 1238 594 amplissimo

902 602 1050 634 derelicto
1075 601 1171 633 fundo

856 648 985 680 Transit
1007 649 1048 680 ad
1071 648 1251 680 Armoricos

902 697 1077 733 contempto
1101 693 1267 734 profundo,

856 740 1049 772 Britanniam
1072 741 1185 780 spiritu

900 788 1030 819 mundat
1053 787 1091 818 ab
1116 787 1282 825 immundo,

790 834 827 865 V.
854 833 925 865 Non
948 833 1008 864 sibi
1030 834 1087 865 sed
1110 834 1168 864 toti

902 880 1051 912 credebat
1072 879 1178 911 vivere
1201 879 1325 912 mundo.

799 946 830 979 2.
856 945 967 976 Pastor
991 944 1026 976 fit
1049 945 1225 983 Trecoriae,

901 994 1011 1030 pastor
1033 991 1158 1030 inquam
1182 990 1291 1029 bonne,

855 1037 985 1068 Praesul
1010 1040 1042 1068 et
1065 1037 1263 1077 praesidium,

901 1086 1009 1123 pastor
1034 1086 1065 1114 et
1088 1089 1247 1125 patronus,

856 1129 954 1162 Ferre
974 1131 1082 1169 jugum
1106 1129 1230 1161 Domini

901 1184 1025 1216 semper
1048 1179 1116 1208 erat
1138 1184 1264 1216 pronuS‚

792 1222 827 1257 V.
854 1222 983 1261 Semper
1008 1223 1089 1253 enim
1112 1223 1182 1254 leve
1206 1222 1251 1262 fit,

901 1270 984 1309 quod
1006 1268 1086 1301 bene
1110 1267 1210 1300 fertur
1234 1278 1321 1302 onuS.

799 1335 830 1366 3.
855 1334 993 1374 Angelus
1014 1334 1054 1365 ad
1079 1333 1255 1373 praesulem

899 1380 1044 1419 precibus
1068 1382 1267 1420 prostratum,

857 1426 979 1458 Detulit
1000 1426 1174 1458 libellulum

900 1473 1016 1505 talibus
1040 1476 1194 1505 notatum:

854 1519 1026 1551 Romanam
1052 1520 1214 1551 ecclesiam

898 1566 979 1598 vade
1003 1566 1178 1605 visitatum3

789 1613 825 1645 V.
851 1612 914 1643 Hic
938 1612 1035 1644 bonus
1061 1616 1092 1644 et
1115 1613 1239 1651 sapiens

900 1660 1010 1698 dignus
1034 1668 1069 1690 se
1093 1659 1138 1691 ait
1161 1667 1227 1690 esse
1243 1661 1397 1698 paratum.

917 1761 962 1793 In
988 1763 1021 1794 3.
1045 1761 1270 1793 Nocturno.

994 1835 1186 1870 Antiphonae.

796 1892 827 1923 1.
852 1891 978 1923 Vestem
1005 1891 1100 1923 dabat
1121 1891 1264 1932 spoliato,

852 1937 1024 1970 Sanitatem
1047 1939 1209 1970 vulnerato

896 1985 1032 2017 Miscens
1056 1985 1161 2018 vinum
1186 1985 1263 2018 oleo.

794 2051 825 2082 2.
851 2048 998 2082 Sitientes
1022 2049 1195 2092 refovebat,

847 2097 955 2136 Aquas
981 2097 1066 2130 vivas
1094 2097 1259 2130 hauriebat

897 2143 946 2175 De
971 2144 1144 2183 scripturae
1167 2147 1270 2185 puteo.

796 2210 827 2241 3.
852 2208 1047 2242 Informabat
1069 2210 1241 2254 imperitos,

854 2256 1064 2288 Subtrahebat
1085 2258 1223 2290 irretitos

897 2303 1050 2335 Vitiorum
1069 2305 1190 2345 laqueo,
