1656 2491
782 116 1010 149 -80„-

703 205 748 234 28.
788 204 828 234 De
847 205 952 235 saneto
974 202 1087 235 Bonito.

396 281 441 312 In
466 282 496 313 1.
523 281 734 320 Vesperis.

441 344 532 379 Super
549 344 687 370 Psalmos.

261 400 302 433 A.
330 398 494 431 Confessor
515 398 650 436 Domini,
676 398 798 437 Bonite‚

330 444 504 475 adstantem
527 444 650 482 plebem
675 444 842 475 corrobora

327 492 436 520 sancta
457 490 688 531 intercessione,

327 534 381 573 Ut,
408 535 459 573 qui
483 537 658 565 nostrorum

327 580 467 618 pondere
490 581 668 622 premimur,

327 626 412 656 Tuae
435 626 637 657 beatitudinis

323 671 442 702 meritis
467 671 663 702 sublevemur

325 716 370 749 Et
391 719 423 747 te
449 718 527 748 duce
551 720 678 748 aeterna

325 763 466 802 praemia
490 772 719 801 consequamur.

444 843 488 869 Ad
507 843 681 878 Mag-nificat.

293 923 300 930 .
325 898 365 931 In
386 899 521 929 transitu
541 899 643 929 inoliti

328 944 431 975 Patris
454 944 560 975 Boniti

331 990 416 1019 coeli
439 989 641 1020 nobilitantur
664 990 784 1028 gaudiis

326 1034 371 1066 Et
393 1043 448 1065 nos
473 1043 694 1073 prosequamur
714 1035 867 1066 laudibus.

326 1081 403 1118 Ave,
429 1081 555 1118 praesul
577 1081 694 1121 inclite>

327 1126 405 1164 Ave,
430 1125 490 1156 Dei
513 1126 619 1167 amice,

328 1169 464 1202 Concilia
485 1171 574 1202 nobis
598 1180 699 1210 regem
718 1174 865 1210 nostrum,

328 1216 385 1253 Qui
416 1219 448 1247 te
473 1217 562 1247 nobis
586 1217 724 1255 providit
746 1220 867 1255 patrem

646 1272 740 1301 p1um.

391 1362 419 1392 A
431 1362 450 1392 d
474 1361 735 1394 Matutinum.

456 1424 666 1451 Invitatorium.

329 1486 451 1526 Surgite
476 1488 581 1519 demus
606 1489 634 1519 ei
657 1489 775 1522 laudes,

371 1541 459 1571 quem
482 1533 549 1564 laus
575 1534 664 1565 decet
686 1536 794 1574 omnis,

326 1579 389 1611 Per
412 1587 501 1616 quem
523 1579 653 1610 Bonitus

371 1624 508 1656 bonitate
532 1623 592 1655 fuit
614 1626 784 1658 redimitus.

390 1734 435 1764 In
460 1734 491 1765 1.
517 1734 736 1767 Nocturno.

467 1796 656 1831 Antiphonae.

290 1886 298 1894 .
324 1859 454 1891 Sanctus
477 1861 537 1892 iste
558 1862 619 1901 legi
643 1863 703 1894 Dei

367 1906 537 1938 insistendo
561 1907 674 1948 floruit,

323 1951 414 1982 Vitae
437 1951 555 1983 fructus
578 1954 677 1985 instar
699 1955 775 1994 ligni

371 1998 514 2028 salutaris
539 2000 677 2038 protulit.

290 2077 297 2084 .
324 2052 503 2083 Sanctitatis
532 2054 564 2084 in
588 2054 699 2085 timore

368 2098 494 2129 servivit
518 2100 677 2140 altissimo,

325 2142 417 2181 Cujus
441 2148 544 2176 monte
570 2154 637 2177 cum
661 2150 834 2179 sanctorum

366 2198 448 2220 nune
470 2192 585 2231 gaudet
608 2193 745 2234 collegio.

259 2247 295 2278 3.
321 2244 412 2275 Vana
435 2247 554 2284 sprevit
578 2248 672 2279 corde
694 2258 772 2288 puro

368 2291 504 2323 ambiens
531 2294 684 2333 coelestia,

933 1036 963 1067 1.

922 1217 959 1247 V.

931 1319 963 1348 2⁷

993 279 1156 317 Templum
1179 278 1239 309 Dei
1263 278 1400 309 salutare

1037 323 1139 355 factus
1164 327 1257 363 atque
1280 324 1393 357 hostia.

992 379 1135 410 Gloriose
1160 381 1325 410 coronatur

1036 425 1130 465 Tuus,
1159 425 1290 465 Christe,
1317 424 1459 462 vernula,

992 470 1070 507 Quia
1092 470 1151 500 tibi
1175 471 1335 501 voluntate

1036 515 1192 546 Adhaesit
1215 515 1427 548 mundissima.

959 594 965 600 .
993 569 1064 608 Ore,
1091 572 1195 600 mente
1217 569 1389 608 benedixit,

1039 614 1171 654 Christe,
1197 618 1250 646 tuo
1275 615 1402 653 nomini,

992 660 1050 698 Qui
1074 660 1190 699 ubique
1212 661 1399 700 populorum

1036 706 1171 737 Haberis
1195 707 1360 739 mirabilis

991 761 1189 799 Aequitatem
1212 762 1428 800 amplectando

1035 810 1172 837 sectator
1192 808 1334 845 justitiae

989 853 1042 883 Ad
1067 853 1223 883 coelorum
1247 853 1377 884 tendens
1400 861 1498 892 regna

1034 898 1181 937 migravit
1203 897 1347 931 feliciter.

1127 980 1331 1014 Responsoria.

988 1034 1046 1064 Vir
1070 1035 1186 1066 electus
1210 1035 1385 1075 sanctitate,

1033 1079 1163 1111 Bonitus
1189 1083 1221 1111 et
1242 1081 1376 1120 nomine,

992 1125 1096 1156 Genus
1121 1126 1226 1164 altum,
1251 1135 1310 1165 quo
1334 1128 1501 1165 processit,

1034 1172 1146 1201 extulit
1169 1173 1301 1212 egregie,

986 1216 1102 1247 Summi
1125 1219 1226 1255 patris
1250 1217 1351 1248 faetus
1376 1218 1485 1250 haeres

1033 1263 1198 1300 adoptivus
1222 1265 1350 1302 gratiae.

987 1316 1099 1348 Matris
1124 1317 1193 1348 alvo
1219 1319 1340 1349 clausus
1363 1318 1467 1350 infans

1032 1362 1098 1393 Deo
1122 1366 1212 1394 notus
1234 1364 1385 1403 pontifex,

988 1407 1033 1439 Ut
1055 1409 1201 1440 sacerdos
1225 1410 1377 1441 salutatur

1031 1462 1050 1484 a
1073 1455 1206 1492 quodam
1229 1456 1387 1498 pontifice,

984 1498 1078 1529 Velut
1100 1500 1180 1531 alter
1203 1502 1354 1533 Jeremias

1031 1549 1171 1576 sacratus
1195 1547 1234 1578 ab
1257 1550 1356 1580 utero.

955 1624 961 1630 .
988 1598 1075 1630 Votis
1101 1604 1277 1633 cunctorum
1303 1602 1429 1635 favente

1034 1646 1138 1678 divina
1161 1648 1323 1680 clementia

988 1690 1037 1722 Ex
1062 1691 1220 1730 praefecto
1243 1695 1410 1734 insignitur

1031 1739 1226 1775 praesulatus
1247 1740 1355 1784 infula,

983 1782 1132 1814 Reddens
1155 1785 1232 1825 Deo,
1263 1795 1341 1826 quae
1365 1792 1436 1820 sunt
1458 1790 1532 1831 Dei5

1032 1828 1167 1869 Caesari,
1193 1840 1271 1870 quae
1295 1834 1447 1867 Caesaris.

953 1906 959 1913 .
985 1883 1106 1923 Bomte,
1134 1885 1248 1918 Christi
1274 1888 1442 1932 confessor,

1031 1931 1104 1961 audi
1128 1936 1271 1971 rogantes
1296 1937 1436 1968 servulos

984 1975 1028 2007 Et
1050 1976 1245 2015 impetratam
1273 1982 1401 2013 coelitus

1029 2025 1064 2052 tu
1089 2022 1177 2055 defer
1200 2026 1436 2066 indulgentiam.

949 2092 956 2099 .
983 2067 1007 2099 O
1033 2072 1139 2100 sancte
1162 2070 1284 2111 Bonite,

985 2112 1076 2145 Sidus
1101 2125 1237 2157 aureum,

983 2159 1109 2192 Domini
1132 2164 1232 2202 gratia

985 2205 1151 2239 Servorum
1174 2211 1305 2250 gemitus

986 2251 1085 2285 Solita
1108 2257 1231 2295 suscipe

1031 2300 1203 2335 clementia.
