1674 2492
689 84 945 119 -101—

182 176 221 207 4.
246 175 422 207 ostendunt
443 176 599 208 veraciter
917 178 1033 217 Quibus
1056 179 1208 209 monstras

293 221 376 260 Vita,
402 230 485 252 mors
511 225 542 253 et
565 222 682 263 tumba,
960 225 1043 256 viam
1063 223 1212 262 justitiae,

248 266 336 304 Quod
361 267 440 299 vixit
462 268 626 300 sineeriter
914 271 981 302 Nos
1007 270 1129 302 divinae

293 312 424 344 Sanctus
448 314 498 345 vir
523 315 682 348 Columba.
960 316 1139 348 commenda
1161 317 1289 354 gratiae.

186 386 321 418 5..Vita
344 386 412 417 sine
437 388 568 426 macula,
981 390 1025 421 In
1052 391 1082 422 2.
1108 389 1321 427 Vesperis.

292 432 380 464 Mors
405 441 497 472 quam
520 434 666 476 pretiosa,
1032 443 1077 470 Ad
1094 442 1268 478 Magnificat.

248 477 366 510 crebra
388 487 446 518 ΡΘΓ
466 479 618 531 111ίῖ3οΠῙᾶ
847 492 886 522 A.
915 490 1073 528 Columba,
1097 489 1184 528 pacis
1209 491 1378 529 speculum,

293 524 415 556 Tumba
438 525 583 564 gloriosa.
957 537 1015 568 vir
1038 536 1256 575 simplicitatis,

529 617 535 622 ,
912 582 1062 613 Puritatis
1086 582 1254 621 vasculum,

366 615 412 642 Ad
429 616 610 643 Benedmtus·
958 628 1074 659 Forma
1096 627 1279 665 sanctitatis,

175 673 219 703 A.
246 671 270 703 O
297 671 454 708 Columba,
913 674 998 706 Tuae
1021 672 1110 705 nobis
1132 673 1269 705 rivulum

293 717 345 755 qui
367 717 463 748 verbo
487 717 606 756 gratiae
957 719 1069 750 Funde
1092 718 1228 757 pietatis,

245 763 416 794 Illustrasti
907 765 1047 798 Poscens
1070 766 1142 802 post
1165 764 1225 794 hoc
1247 765 1405 795 saeculum

288 810 395 846 partes
419 808 601 846 Hiberniae,
958 810 1063 841 Vitam
1088 817 1156 839 cum
1180 809 1289 842 beatis.

251 890 334 916 Brev.
354 898 405 916 ms.
425 890 605 916 Dublinense
624 897 698 916 Saea.
720 888 763 917 15.
794 889 861 917 cod.
883 890 955 917 0011.
975 890 1025 918 SS.
1043 890 1197 918 Trinitatis
1213 891 1370 918 Dublinen.
1384 891 1408 918 B
1429 891 1433 895 ’

181 923 225 953 13.
244 927 280 953 Α.
300 940 335 945 -
356 926 473 961 Colgan,
493 926 577 953 Trias
596 926 814 962 Thaumaturga
832 936 860 962 p.
879 925 937 954 454
955 936 996 962 sq.
1015 928 1049 954 B.

252 963 280 989 A
297 964 388 990 bietet
407 964 501 997 einige
513 963 641 996 Liieken,
663 963 700 989 da
719 964 765 989 die
777 964 966 990 Handsehrift
982 963 1166 991 bedauerlich
1185 964 1342 999 ang-efault;
1363 964 1387 991 B
1405 965 1457 991 hat

178 1001 279 1026 seinen
304 1007 342 1026 an
365 1000 429 1026 sich
450 1000 614 1026 schlechten
632 1000 706 1026 Text
725 1001 829 1027 ebenso
850 1000 978 1027 schleeht
996 1000 1171 1037 abgedruckt
1189 1008 1255 1027 aus:
1282 1000 1385 1028 Officia
1404 1002 1455 1028 bs.

177 1036 306 1070 Patrieii,
327 1035 497 1069 Columbae,
517 1036 654 1072 Brigidae
673 1039 700 1063 et
721 1037 842 1063 aliorum
863 1038 1041 1071 quorundam
1059 1037 1219 1063 Hiberniae
1238 1040 1402 1064 sanctonun
1422 1046 1456 1064 ex

176 1074 322 1101 veteribus
348 1073 522 1100 membranis
548 1075 576 1099 et
597 1074 799 1108 manuscriptis
820 1074 976 1101 Breviariis
996 1074 1145 1108 desumpta
1164 1076 1250 1108 atque
1270 1074 1306 1100 ad
1325 1083 1356 1101 11(
1364 1082 1455 1101 rmam

179 1109 266 1136 officii
283 1110 408 1137 Romani
434 1112 596 1144 repurgata.
634 1110 756 1136 Parisiis
785 1108 865 1137 1620.
903 1111 974 1137 Dies
994 1110 1074 1138 Buch
1099 1111 1139 1136 ist
1156 1111 1212 1136 mir
1229 1111 1310 1137 1110111
1328 1112 1453 1146 megliei»

177 1155 309 1210 gewesfin
333 1146 522 1173 aufzufinden.
560 1147 620 1173 Aus
639 1147 665 1173 A
688 1146 747 1173 und
767 1147 790 1174 B
813 1147 883 1174 liisst
900 1147 962 1174 51011
980 1147 1245 1182 glficklieherweise
1265 1147 1314 1174 der
1333 1148 1436 1184 richtig

176 1184 251 1210 Text
290 1184 433 1210 erstellen.

250 1221 286 1247 In
306 1218 330 1246 1.
350 1220 437 1255 Vesp.
454 1219 502 1246 AA
522 1220 618 1247 fehlen
636 1221 668 1246 in
679 1221 712 1253 B,
734 1220 784 1247 das
805 1220 878 1247 auch
896 1220 941 1247 fiir
960 1221 1008 1247 die
1019 1221 1129 1255 Vesper
1148 1220 1195 1247 die
1208 1218 1255 1246 AA
1276 1221 1325 1247 der
1338 1221 1437 1248 Laude

177 1259 296 1283 ansetzt.
315 1270 354 1275 -—
371 1257 406 1283 In
433 1255 456 1283 1.
475 1257 557 1283 Noet.
578 1255 600 1282 A
627 1254 658 1289 2,
684 1254 758 1283 2-4
782 1257 954 1292 weggefault
971 1258 1005 1284 A.
1026 1273 1063 1277 —-
1082 1255 1104 1282 A
1124 1254 1154 1291 ὃ,
1179 1255 1196 1284 3
1221 1266 1253 1284 .›e
1271 1258 1343 1284 fehlt
1361 1258 1395 1284 B.

177 1291 199 1318 Α
220 1291 252 1326 3,
273 1292 293 1320 4
310 1294 453 1320 Daturum
472 1302 503 1320 se
522 1294 555 1320 B.
575 1307 612 1311 ——
632 1291 651 1318 Β
675 1291 702 1326 1,
724 1292 740 1320 6
762 1295 879 1320 emicuit
896 1295 928 1321 B.
949 1308 985 1312 —
1006 1292 1026 1320 Β
1047 1292 1077 1326 2,
1098 1292 1115 1320 3
1135 1294 1255 1320 coelitus
1275 1294 1347 1320 fehlt
1363 1294 1397 1320 B.
1417 1309 1454 1312 —

177 1327 197 1355 Β
226 1328 257 1364 2,
285 1329 302 1356 ’7
329 1338 391 1365 sqq.
415 1330 511 1357 fehlen
530 1330 563 1356 B.
582 1346 621 1349 —
641 1328 660 1355 Β
687 1328 719 1363 2,
747 1328 763 1357 9
784 1338 853 1365 prae
871 1331 1030 1358 luctamina
1047 1331 1082 1357 A.
1101 1345 1138 1349 —
1158 1329 1177 1355 Β
1198 1328 1227 1364 3,
1257 1329 1291 1357 10
1310 1332 1405 1366 ipsum
1424 1340 1455 1358 se

175 1368 349 1394 monstravit
365 1367 399 1393 B.
419 1381 455 1385 —
475 1367 511 1393 In
530 1365 555 1392 2.
576 1368 658 1394 Noct.
679 1365 701 1392 A
724 1366 747 1400 1,
770 1366 784 1393 1
798 1368 966 1394 Delectatur
978 1368 1011 1395 B.
1024 1381 1061 1386 -ω
1074 1367 1100 1393 Α
1118 1365 1144 1401 2,
1165 1365 1182 1393 2
1206 1375 1263 1403 sqq.
1282 1368 1456 1431 we{gefault

174 1404 209 1430 A.
230 1418 267 1422 —
287 1402 307 1429 Β
331 1402 361 1436 1,
385 1401 399 1430 1
420 1411 462 1437 sq.
484 1403 588 1431 dantur
607 1406 705 1431 sancto
725 1404 758 1431 B.
778 1419 804 1423 —
836 1402 855 1429 Β
878 1402 902 1436 1,
923 1403 939 1430 7
958 1403 1111 1431 Visitando
1130 1404 1165 1430 A.
1185 1418 1219 1422 —
1241 1403 1261 1429 Β
1282 1402 1308 1438 3,
1329 1420 1334 1429 ι
1366 1406 1454 1431 maris

171 1440 265 1474 jacuit
283 1441 315 1467 B.
336 1454 370 1459 —-
393 1438 413 1465 Β
440 1439 472 1473 3,
499 1439 519 1466 4
541 1441 626 1467 nudis
652 1441 786 1467 litoribus
805 1441 838 1468 B.
859 1454 895 1458 —
916 1439 936 1465 Β
965 1438 996 1474 3,
1023 1440 1039 1468 5
1059 1448 1101 1474 sq.
1121 1441 1293 1475 weggefault
1310 1442 1344 1467 A.
1364 1455 1401 1459 -—
1419 1442 1455 1468 In

175 1475 201 1504 3.
221 1478 306 1504 Noet.
325 1475 348 1503 A
371 1475 400 1511 1,
420 1475 440 1503 4
457 1477 522 1503 Tua
539 1477 612 1504 fehlt
630 1478 662 1504 B.
683 1491 720 1495 —
739 1476 761 1503 A
782 1475 807 1511 2,
829 1475 846 1503 2
864 1478 1007 1504 Dominus
1027 1477 1106 1505 dedit
1124 1478 1156 1504 B.
1175 1492 1211 1496 —-
1231 1476 1253 1503 A
1274 1475 1291 1505 3
1311 1478 1405 1505 lautet
1423 1480 1454 1504 111

175 1515 214 1541 B:
237 1514 373 1541 Manibus
392 1515 548 1540 innocuum
565 1512 569 1548 Ι
587 1514 679 1541 Corde
697 1522 800 1549 purum
816 1512 821 1548 1
838 1514 959 1541 Servum
977 1515 1056 1542 levat
1073 1522 1203 1541 securum
1219 1514 1223 1546 1
1240 1515 1303 1542 Rex
1321 1516 1352 1541 111
1372 1524 1456 1542 suum

174 1559 303 1586 reg-num.
322 1567 359 1571 -—
379 1549 400 1576 Β
422 1549 447 1584 1,
470 1549 484 1577 1
504 1551 676 1586 Magnorum
694 1552 820 1586 vestigia
836 1551 870 1577 B.
889 1566 927 1570 —
948 1550 968 1577 Β
991 1550 1014 1586 1,
1034 1549 1052 1578 3
1070 1551 1106 1577 In
1124 1552 1230 1578 inferni
1248 1552 1281 1578 B.
1297 1566 1334 1569 —
1349 1550 1368 1577 Β
1390 1550 1416 1584 2,
1439 1551 1454 1578 1

175 1589 365 1615 combusserit
382 1588 417 1614 A.
437 1601 474 1605 —
494 1585 514 1612 Β
535 1586 561 1621 2,
582 1586 598 1615 6
618 1589 663 1615 De
682 1588 743 1615 sale
762 1588 910 1622 paululmn
930 1588 965 1615 A.
988 1603 1019 1607 —
1042 1586 1062 1613 Β
1083 1585 1100 1615 3
1120 1588 1192 1615 fehlt
1207 1589 1240 1616 B.
1259 1604 1294 1608 —
1313 1589 1349 1615 In
1361 1589 1452 1616 Laud.

174 1624 196 1688 ’ἒ
224 1624 255 1688 52,
282 1623 299 1651 2
326 1634 386 1661 sqq.
406 1625 581 1660 weggefault
598 1625 633 1651 A.
653 1639 689 1643 ——
709 1625 754 1651 Ad
773 1625 877 1652 Bened.
898 1623 935 1657 A,
962 1624 979 1652 5
998 1626 1164 1653 monstrasti
1182 1625 1215 1652 A.
1236 1641 1272 1645 —
1291 1626 1337 1652 Ad
1355 1626 1453 1661 Magn.

200 1680 208 1696 ,
267 1662 341 1690 fehlt
358 1663 391 1689 B.

589 1769 634 1800 36.
672 1770 716 1800 De
735 1770 842 1800 sancto
865 1769 1037 1801 authberto.

309 1856 354 1887 In
378 1857 408 1888 1,
434 1856 649 1895 Vesperis,
1028 1855 1074 1883 Ad
1091 1855 1269 1891 Magnificat.

355 1910 447 1946 Super
465 1910 606 1937 Psalmos.
841 1913 882 1943 A.
908 1913 1017 1944 Oriens
1044 1912 1090 1944 sol
1111 1912 1252 1950 justitiae

168 1959 212 1991 A.
237 1959 330 1990 Alme
354 1956 514 1989 confessor
535 1957 670 1996 Domini,
908 1958 1061 1998 Dignatus
1086 1962 1133 1989 est
1155 1959 1314 1991 illustrare

283 2005 411 2044 praesul
434 2004 516 2043 regis
542 2003 670 2043 aeterni,
907 2006 969 2037 Per
991 2004 1150 2036 ministros
1174 2006 1252 2036 lucis
1274 2014 1348 2038 suae

239 2051 419 2089 cuthberte,
447 2059 572 2082 consors
597 2052 784 2090 sanctorum,
908 2050 1040 2083 Cunctos
1064 2049 1140 2082 fines
1163 2051 1248 2083 orbis
1272 2055 1392 2090 terrae;

283 2097 417 2129 concivis
444 2097 632 2135 coelestium,
906 2098 972 2136 Ipsi
995 2098 1072 2136 laus,
1099 2098 1152 2138 qui
1176 2098 1265 2130 dedit
1286 2099 1398 2139 Anglis

235 2144 362 2177 Exaudi
385 2152 495 2183 preces
519 2145 652 2182 tuorum,
906 2143 1079 2176 Lucernam
1103 2153 1178 2177 suae
1202 2145 1322 2185 salutis,

280 2199 367 2225 510110
390 2193 464 2222 vota
487 2189 663 2229 supplicum
907 2190 1119 2230 Cuthbertum,
1151 2191 1265 2223 bonum
1293 2192 1452 2224 doctorem

233 2237 278 2269 Et
300 2246 358 2277 pro
382 2237 473 2269 nobis
497 2244 602 2276 regem
626 2244 733 2276 regum
905 2237 954 2268 Ac
976 2246 1034 2277 pro
1057 2236 1106 2268 his
1130 2237 1376 2271 intercessorem.

278 2285 381 2323 ipsum
406 2292 500 2323 posce
523 2283 700 2315 Dominum.
713 2319 721 2324 ι
