1679 2491
733 78 962 113 ,45-

273 170 310 203 In
335 179 518 211 cereumque
540 173 674 205 vertitur

320 216 421 248 Valde
445 221 666 256 competenter,

208 263 245 296 V.
269 261 303 294 A
329 263 472 295 Domino
505 264 627 303 factum
659 267 702 296 est
731 265 820 296 istud

272 310 300 340 et
316 312 359 341 est
369 309 517 342 mirabile
531 310 566 340 in
577 311 675 347 oculis
688 311 816 342 nostris.

331 401 377 432 In
402 401 432 432 3.
458 400 488 431 N
499 410 516 432 0
527 404 684 433 cturno.

412 460 604 495 Antiphonae.

212 515 242 548 1.
268 516 307 547 In
330 518 363 547 te
387 519 548 555 sperantes

313 562 371 594 hos
397 565 428 592 et
451 571 509 600 pro
535 565 566 592 te
590 563 780 601 morientes„

270 608 432 640 Coelorum
455 608 587 639 Domine

316 655 514 686 conservabis
540 654 711 687 benedicte.

209 710 241 740 2.
265 708 304 740 In
327 709 444 740 mundo
470 709 563 739 corde

311 756 549 793 permanserunt
572 755 639 785 sine
663 755 765 793 sorde,

265 800 302 832 In
326 803 411 831 terra
434 799 561 832 Domini

261 849 272 861 '
313 846 486 878 consistunt
510 855 582 885 ergo
607 846 741 878 locandi.

209 904 239 935 3.
265 902 327 934 Pro
352 901 454 941 plebis
479 900 618 933 facinore

312 948 357 979 Te
383 948 505 980 Christe
531 948 747 988 deprecantur,

265 994 323 1033 Qui
347 994 380 1025 in
404 1002 459 1025 suo
486 994 635 1033 sanguine

312 1040 373 1071 Pro
397 1043 427 1070 te
452 1040 661 1073 rubricantur.

403 1104 605 1137 Responsoria.

207 1159 239 1190 2.
265 1156 316 1188 Ex
339 1156 474 1187 terrenis
497 1155 658 1194 inquilinis

310 1201 409 1233 Fiunt
434 1202 516 1233 cives
541 1201 659 1243 coelici,

262 1248 347 1279 Dum
369 1250 521 1279 necantur
543 1256 563 1277 a
584 1247 701 1285 lupinis

311 1294 396 1326 Viris
421 1293 481 1325 viri
505 1293 647 1332 angelici,

266 1340 329 1371 Per
352 1348 429 1379 quos
454 1338 540 1370 Slavi
564 1341 636 1370 sunt
662 1336 811 1370 doctrinis

310 1385 406 1417 Docti
428 1385 510 1417 roris
534 1384 651 1416 mellici

263 1432 307 1464 Et
332 1432 432 1470 erepti
456 1440 474 1463 a
499 1431 621 1463 latrinis

312 1477 453 1509 Carceris
476 1477 648 1509 Eumenici.

197 1526 236 1560 V,
264 1524 412 1563 Vindicat,
438 1523 588 1562 Domine,
620 1523 812 1563 sanywinem

262 1573 449 1603 scortatorum
464 1572 601 1609 tuorum,
624 1569 679 1608 φή
696 1568 812 1608 effusus

267 1620 320 1649 est.

207 1676 237 1706 3.
263 1673 325 1712 Eja
349 1681 404 1704 vos
429 1671 672 1712 triumphatores

310 1719 373 1751 Pro
397 1717 487 1749 nobis
511 1717 697 1749 intercedite

265 1765 309 1796 Et
330 1764 548 1803 perversitatis
570 1772 673 1795 mores

311 1810 348 1842 112
372 1810 463 1841 nobis
489 1810 643 1849 corrigite,

265 1856 312 1888 Ut
334 1856 458 1894 adiutos
483 1857 588 1887 vestra
611 1862 705 1894 prece

310 1902 405 1940 Deus,
433 1904 556 1932 creator
580 1900 725 1939 omnium,

264 1949 309 1980 Et
332 1948 455 1979 ablutos
479 1947 519 1978 ab
543 1946 602 1979 hac
625 1944 713 1977 faece

311 1995 470 2027 Perducat
490 1994 525 2025 in
549 2000 738 2032 empyreum.

198 2044 236 2077 V.
261 2041 363 2082 Apud
396 2039 559 2073 Chr-istum
593 2042 667 2072 vota
701 2041 813 2070 nostra

257 2090 441 2129 promovete
456 2087 615 2128 precibus.

208 2147 238 2179 1.
264 2146 288 2178 Ο
313 2145 478 2177 militantis
503 2142 653 2174 ecclesiae

266 2192 428 2232 Capitanei
453 2190 626 2229 fortissimi,

266 2240 290 2272 Ο
315 2237 537 2277 triumphantis
561 2236 701 2274 militiae,

262 2286 483 2319 Phaleratores
509 2283 689 2322 doctissimi,

942 172 1054 203 Sancte
1065 170 1208 202 Ans-uere
1224 177 1291 200 cum
1304 170 1366 199 tuis
1379 169 1482 208 sociis,

939 218 1006 249 Hos
1022 216 1167 256 precibus
1185 216 1296 247 vestris
1312 213 1480 254 defendite,

943 264 1023 302 Quos
1046 262 1078 294 in
1103 265 1206 293 vestro
1231 261 1357 292 servitio

938 308 1106 341 Humiliter

939 354 1130 394 Cognoscitis
1154 360 1345 392 permanere.

904 425 911 432 .
936 400 1035 441 Apud
1082 396 1248 432 Christum
1289 396 1481 437 patrociniis

939 447 1047 478 vestris
1072 446 1260 485 adjuvemur
1283 452 1412 483 semper.

1045 529 1106 560 Ad
1130 528 1306 559 Laudes,

1080 586 1270 621 Antiphonae.

903 665 911 674 .
937 643 1137 674 Praecinctus
1162 640 1346 673 fortitudine

980 688 1131 720 Dominus
1156 689 1307 726 regnavit,

936 733 993 772 Qui
1018 741 1089 764 suos
1112 733 1346 771 pulchritudine

981 778 1111 810 Sanctos
1136 778 1306 809 decoravit.

902 861 909 868 .
935 834 1057 865 Serviet
1080 834 1112 864 in
1135 833 1235 871 jubilo

979 879 1046 912 Deo
1070 880 1160 918 plebs
1184 879 1297 920 fidelis,

934 926 993 964 Qui
1016 928 1140 957 sanctos
1163 934 1183 956 a
1206 926 1344 964 periculo

979 971 1111 1004 Liberat
1135 974 1166 1002 et
1190 981 1208 1003 a
1232 972 1350 1010 poenis.

900 1053 907 1061 .
933 1027 1154 1060 Adhaeserunt
1178 1027 1311 1058 Domino

978 1073 1168 1112 Martyrium
1192 1073 1343 1113 sitientes,

935 1120 1027 1159 Cujus
1052 1120 1085 1151 in
1109 1119 1236 1150 servitio

980 1165 1142 1198 Steterunt
1162 1165 1339 1204 vigilantes.

900 1246 907 1253 .
934 1220 1041 1252 Sancti
1066 1223 1097 1250 et
1120 1220 1250 1251 humiles
1276 1220 1371 1250 corde

932 1266 1089 1305 Hymnum
1116 1266 1211 1297 dicite
1236 1265 1311 1296 Deo.

901 1346 907 1352 .
933 1322 971 1352 In
996 1321 1126 1360 collegio
1151 1322 1327 1351 sanctorum

933 1367 1095 1399 Laudetur
1119 1374 1175 1397 rex
1199 1374 1313 1397 eorum.

1047 1430 1093 1457 Ad
1112 1429 1291 1457 Benedictus.

900 1502 905 1509 .
934 1477 1053 1517 Gaude,
1063 1476 1324 1515 Ratzeburgensis
1335 1476 1476 1516 ecclesia,

933 1524 1091 1556 Divinitus
1115 1524 1266 1561 inspecta,

934 1572 964 1602 A
990 1570 1114 1601 deitatis
1140 1569 1303 1600 clementia.

932 1616 1118 1648 Medullitus
1145 1615 1255 1654 electa,

932 1663 1017 1701 Quae
1040 1665 1217 1694 sanctorum
1242 1661 1390 1699 sanguine

934 1708 1070 1739 Pulchre
1093 1707 1273 1746 rubricaris,

933 1755 1068 1793 Quorum
1091 1762 1173 1785 nunc
1194 1752 1352 1792 juvamine

934 1801 1016 1831 Mire
1040 1799 1231 1839 gubernaris,

1005 1882 1048 1913 In
1074 1883 1105 1913 2.
1133 1880 1344 1920 Vesperis.

1052 1940 1097 1968 Ad
1115 1940 1290 1976 Magnificat.

901 2022 909 2031 .
932 1998 1089 2030 Mirantur
1114 1998 1196 2029 cives
1222 1997 1330 2028 coelici

931 2044 975 2076 Et
998 2044 1125 2083 spiritus
1150 2044 1279 2075 tartarei

937 2091 1078 2131 Stupent,
1106 2090 1189 2130 quod
1213 2090 1291 2121 haec
1315 2088 1436 2130 fragilis

934 2138 1054 2169 Natura
1078 2137 1120 2168 sit
1142 2141 1205 2168 tam
1230 2137 1330 2176 agilis,

933 2184 1021 2223 Quod
1046 2192 1114 2215 cum
1138 2187 1227 2216 tanta
1250 2183 1349 2223 gloria

932 2231 970 2262 ln
994 2231 1148 2270 passionis
1171 2231 1307 2263 victoria

933 2278 985 2309 Ad
1011 2277 1088 2309 coeli
1112 2278 1226 2310 transit
1248 2277 1372 2316 gaudia.
