1674 2492
643 70 890 105 —233—-

139 163 169 194 5.
196 161 244 193 Sit
267 170 392 202 semper
415 164 541 203 adJutor
567 165 636 203 pius

198 206 266 239 Nec
289 209 428 240 servulos
452 215 581 249 spernat
604 220 685 251 suos,

194 255 225 285 A
250 254 373 287 Christo
396 256 485 288 nobis
512 257 642 288 donatus

196 301 240 332 Et
263 301 295 331 in
317 301 377 333 hac
400 303 486 334 terra
508 304 637 341 positus.

312 374 358 402 Ad
376 374 556 403 Benedictus.

199 430 312 462 Sancte
334 433 426 471 pater
449 432 606 472 Severine,

197 475 322 508 Nostris
346 478 492 517 precibus
515 478 644 510 intende

197 523 242 554 Et
263 532 320 562 pro
345 523 434 556 nobis
459 533 534 564 roga
555 525 665 564 Deum,

862 164 921 203 Qui
945 166 976 195 te
999 162 1088 194 nobis
1114 161 1272 193 constituit

863 210 1031 243 Doctorcm
1055 212 1147 248 atque
1169 210 1342 247 patronum.

933 312 993 353 Ad
1016 310 1275 342 Matutfflum.

866 386 992 418 Adsunt
1014 385 1103 416 nobis
1129 384 1264 415 celebria

866 432 1007 464 Severini
1026 431 1184 470 solemnia,

865 478 944 517 Ejus
966 479 1109 517 Juvemur
1132 476 1287 516 precibus,

866 525 960 564 Quem
985 524 1198 564 prosequimur
1221 522 1375 555 laudibus,

207 597 290 624 Brev.
311 606 363 624 ms.
378 597 407 625 S.
426 598 578 625 Michaelis
599 598 782 633 uui-(ligaleu.
804 606 876 625 saec.
900 596 942 625 15.
976 597 1043 625 Οοιῖ.
1058 597 1240 631 Burdigalen.
1261 593 1305 623 86.
1325 596 1358 623 A.
1373 609 1407 614 -—

134 633 218 660 Brev.
238 633 447 670 Burdigalense
464 637 532 670 imp.
555 633 588 663 15
613 633 627 646 ³
663 636 666 637 ⁷
688 636 720 662 B.
739 650 756 655 —
774 650 775 654 =
795 636 878 662 Bmv.
897 635 1058 661 Vas-‚atense
1075 635 1143 670 imp.
1161 634 1264 661 Vasati
1284 630 1365 660 1530.
1380 632 1410 660 C-

208 672 244 698 In
266 669 289 697 1.
310 672 392 699 Noct.
414 670 436 697 Α
457 671 482 706 2,
505 671 519 698 1
540 672 619 700 Hine
638 672 725 708 longa
743 672 777 699 A.
798 686 832 690 —
855 671 874 697 R
895 669 920 704 ἵ»,
944 670 958 698 1
979 672 1102 706 arripuit
1119 672 1153 698 A.
1173 684 1210 689 -
1228 671 1263 698 In
1282 667 1308 697 Ξ.
1328 670 1409 697 Noct.

134 705 156 733 Α
180 706 211 741 1,
236 706 253 735 3
275 709 353 742 Quas
372 709 407 736 A.
426 724 463 728 —-
484 708 506 736 G
525 710 576 736 hat
595 712 625 737 in
644 709 693 736 ‹ler
712 710 831 736 zweiten
850 710 959 743 Vis-por
977 708 1042 735 fiinf
1058 706 1119 734 ΑΑΖ
1152 706 1176 734 1.
1196 708 1309 735 Adsunt
1326 708 1410 734 nobis

133 745 259 773 celebria
282 757 320 767 =
346 745 371 773 2.
391 746 476 782 Vesp.
504 747 539 773 ad
563 747 677 781 Magn,
708 745 733 773 2.
760 746 896 773 salvatur
921 754 991 779 gons
1018 745 1189 781 Burdigalae
1274 741 1300 771 3.
1327 745 1409 771 Noct.

136 781 158 808 Α
182 781 213 818 1;
234 781 259 810 3.
280 784 390 810 Divina
398 783 480 817 jubet
492 785 584 818 pietas
597 795 633 805 =
647 781 673 811 3.
688 784 769 811 Noct.
782 782 803 808 Α
819 786 850 817 Λς
871 781 897 810 4.
913 783 1040 810 (91101108-
1059 782 1242 809 Christicola-
1289 779 1315 808 3.
1326 782 1409 808 Noct.

133 818 156 845 A
177 817 209 854 ὃς
231 818 256 847 5.
277 821 387 847 Euntes
408 821 491 848 ibant
510 823 538 847 et
556 821 663 848 flebant
675 823 727 847 ete.
756 821 811 847 Dic
826 820 942 854 Antiph.
964 820 1013 847 der
1035 817 1058 845 1.
1072 820 1157 854 Vesp.
1174 819 1210 845 acl
1222 820 1318 853 Magn.
1336 819 1412 846 steht

134 858 165 884 111
185 857 235 885 der
255 859 382 892 zwesten,
404 859 474 885 statt
493 858 569 885 ihrer
588 860 620 885 in
639 857 689 885 cler
708 859 802 885 ersten
822 858 887 884 eine
905 856 1077 892 prosaische.

563 984 610 1015 90.
648 984 691 1015 De
710 984 817 1015 sancta
836 983 979 1015 Sunniva.

273 1072 318 1103 In
345 1071 374 1103 1.
401 1070 610 1111 Vesperis.

318 1134 409 1170 Super
427 1134 568 1162 Psalmos.

148 1191 177 1223 1.
206 1191 324 1231 Gaude,
351 1190 427 1222 felix
449 1191 611 1232 Hibernia,

205 1239 290 1270 Tuae
309 1237 435 1277 reginae
458 1238 566 1279 gloria,

249 1283 363 1315 Mundi
386 1292 515 1323 regnum
536 1284 721 1325 spernentis,

205 1332 272 1370 Qua
294 1333 428 1369 patrona
452 1330 616 1369 Norwegia

203 1377 301 1408 Freta
326 1385 393 1408 cum
417 1379 519 1407 turma
542 1377 626 1408 socia

248 1423 335 1454 Nutu
358 1422 419 1455 Dei
442 1423 585 1455 viventiS.

146 1480 175 1510 2.
202 1479 252 1511 Ex
276 1478 425 1510 Hibernis
449 1478 665 1518 proscribens,

202 1526 284 1557 Dum
309 1534 366 1564 pro
391 1523 454 1556 fide
480 1525 633 1556 catholica

247 1572 295 1603 Tu
321 1580 386 1602 cum
413 1572 474 1603 tuis
499 1571 621 1611 zelaris,

201 1619 267 1650 Fac
291 1627 347 1650 nos
372 1616 516 1650 fermenti
541 1618 655 1649 veteris

200 1666 363 1703 Extorres,
390 1664 456 1696 Deo
481 1665 634 1704 supplica,

248 1711 332 1749 Quae
355 1713 403 1743 tot
427 1711 596 1743 auxiliaris.

146 1769 176 1801 3.
204 1768 280 1800 Cum
306 1768 348 1798 sis
373 1766 516 1805 profecta
538 1775 669 1807 peregre

201 1813 284 1845 Fide
307 1813 438 1844 mereris
462 1813 596 1852 patriam

249 1860 480 1899 Repromissam
505 1860 632 1900 renatis,

204 1909 306 1946 Junge
329 1915 386 1938 nos
410 1906 477 1938 Deo
501 1905 621 1946 integre

203 1955 266 1986 Per
290 1953 373 1985 vitae
396 1953 630 1985 sanctimoniam

247 1999 357 2031 Monte
380 1999 600 2040 martyrizatis.

143 2059 175 2090 4.
200 2058 237 2090 In
263 2056 322 2087 hac
346 2058 455 2088 sancta
479 2055 598 2088 familia

201 2104 249 2136 Tu
273 2103 431 2142 princeps,
458 2104 545 2142 virgo
569 2102 665 2143 regia,

246 2150 448 2190 Bergensium
473 2152 615 2190 patrona,

200 2198 286 2237 Quae
311 2198 439 2229 domans
462 2198 495 2228 in
518 2197 636 2236 ieiunio

202 2245 311 2284 Carne,
337 2244 463 2284 mundo,
491 2244 651 2276 daemonio

246 2291 346 2324 Victis
371 2290 471 2332 fulges
497 2299 618 2324 corona.

813 1072 843 1103 5.
870 1070 1053 1109 spirituales
1077 1070 1204 1109 nuptiae

870 1117 996 1157 Christi,
1023 1119 1191 1155 martyrum
1219 1115 1312 1147 hodic

915 1163 951 1194 111
979 1163 1072 1195 coelis
1098 1162 1302 1199 celebrantur,

870 1209 959 1242 Licet,
982 1209 1070 1241 nobis
1094 1210 1157 1240 siut
1180 1216 1308 1247 annuae,

870 1256 951 1295 Tibi,
978 1256 1062 1296 Jesu,
1089 1255 1261 1292 continuae,

915 1302 985 1333 Duc
1008 1310 1074 1340 nos,
1099 1301 1153 1333 ubi
1175 1302 1341 1332 laetantur.

990 1379 1035 1406 Ad
1053 1377 1226 1414 Magnificat.

838 1462 843 1468 .
870 1436 971 1469 Adest
997 1436 1062 1468 dies
1087 1436 1227 1467 immensi
1252 1435 1367 1475 gaudii,

869 1484 934 1521 Quo
960 1491 1027 1514 cum
1052 1485 1154 1514 turma
1176 1482 1247 1512 miri
1272 1480 1414 1521 mart3rii

867 1530 1056 1569 Reginarum
1082 1530 1175 1561 decus
1200 1531 1231 1559 et
1254 1528 1352 1569 gloria

870 1576 988 1615 Regum
1013 1576 1094 1615 regis
1118 1576 1217 1607 intrat
1238 1574 1365 1614 palatia.

936 1674 995 1706 Ad
1018 1673 1280 1705 Matutinum.

1004 1738 1212 1766 Invitatorium.

869 1795 921 1827 Ad
946 1795 1150 1827 Selinensium

916 1841 1011 1873 Sacra
1035 1841 1185 1873 solemnia

870 1888 1006 1921 Plaudat.
1028 1887 1167 1920 fidelium

914 1934 1018 1966 Mater
1043 1934 1183 1968 ecclesia.

938 2028 982 2059 In
1009 2028 1039 2061 1.
1065 2028 1287 2061 Nocturno.

1014 2093 1205 2129 Antiphonae.

837 2174 844 2182 .
871 2151 965 2182 Secus
992 2151 1139 2183 decursus
1163 2149 1322 2184 fluminum

916 2198 1043 2230 Plantat
1063 2198 1216 2237 justorum
1240 2200 1374 2241 vineam,

871 2244 928 2284 Qui
952 2247 1122 2284 martyrum
1147 2248 1178 2277 et
1201 2246 1354 2287 virginum

915 2292 1016 2331 Aptat
1038 2293 1129 2334 agoni
1153 2293 1300 2328 lauream.
