1656 2491
756 103 983 138 —24-

364 198 409 229 In
434 199 465 230 2.
490 196 709 228 Nocturno.
904 197 935 228 2.
962 196 1041 228 Inde
1063 203 1121 233 per
1142 196 1304 236 Agricium

1005 249 1079 280 gens
1105 242 1232 273 credula
1256 241 1343 273 fonte
1365 245 1499 274 novatur

959 286 1105 326 Urbsque
1128 292 1251 319 sacrata
1274 288 1342 319 Deo

248 323 278 355 l·
302 324 478 356 Adveniens
502 325 596 363 igitur
1004 333 1158 371 quondam
1184 334 1269 364 cultu
1292 337 1469 372 reparatur.

348 371 401 401 dat
424 369 510 401 verbi
535 370 650 400 semina
672 369 764 407 genti,
902 389 933 420 3·
960 388 1061 426 Agros
1085 388 1230 428 Agricius

303 415 463 454 spondens
488 414 626 445 credenti
1002 433 1129 465 Domini
1154 435 1228 466 colit
1252 433 1433 473 officiisque,

444 269 631 303 Antiphonae.

347 461 446 491 coelos
455 459 693 498 barathrumque
701 460 835 498 neganti.
957 478 1078 510 Nomen
1102 479 1198 511 habet
1220 480 1293 519 fide,

243 515 273 545 2-
299 513 431 544 Credula
454 522 527 552 gens
551 513 611 544 1⁸1OE
1004 525 1076 562 quia
1099 526 1217 557 semina
1239 526 1360 565 spargit
1375 526 1503 565 ubique.

344 559 433 590 dietis
456 559 593 597 actisque
616 560 700 590 beati

296 603 373 642 EJ'us
395 604 541 635 mandata
1097 615 1298 651 Responsoria.

342 650 494 688 spondent
519 651 673 689 complere
696 651 808 689 parati.

242 705 273 735 3.
299 702 339 734 Se
361 703 429 735 fore
454 705 595 744 cultores,

344 750 485 790 clamant,
497 753 527 780 et
537 752 663 782 credere
670 750 833 790 Christum,

297 794 355 831 Qui
377 796 470 826 talem
494 797 664 827 transmisit
687 797 730 827 eis

342 843 520 879 tantumque
540 841 723 873 ministrum.
887 857 916 889 V

900 676 931 708 1.
957 675 1084 707 Plebem
1108 677 1194 708 urbis
1220 681 1377 708 convocat.

1004 720 1147 753 Praefert
1169 723 1384 762 Maximinum,

948 767 1030 798 Sede
1056 767 1179 806 dignum
1203 768 1335 799 collocat

998 814 1018 845 J
1021 822 1057 843 us
1081 821 1211 853 sequens
1237 814 1385 856 divinum,

918 882 925 889 .
952 858 1093 889 Moribus
1118 862 1259 890 ornatum

999 907 1102 935 sacrat
1126 906 1307 944 meritisque
1330 906 1466 939 beatum.

898 961 928 991 2.
956 958 1068 990 Clavus
1093 968 1200 990 sacrae
1224 961 1388 1000 passionis,

998 1005 1036 1035 In
1062 1004 1184 1036 Christo
1208 1005 1428 1040 sansztificatus.

954 1051 1016 1081 Per
1039 1051 1139 1081 virum
1163 1052 1315 1090 opinionis

999 1095 1113 1127 Sacrae
1137 1098 1225 1129 nobis
1250 1101 1298 1128 est
1321 1098 1433 1130 allatus

998 1141 1048 1172 Ab
1071 1142 1192 1174 Helena
1216 1147 1323 1175 sancta
1349 1144 1459 1184 datus3

892 1187 928 1218 V.
953 1187 1055 1226 Auget
1080 1189 1226 1227 reliquias

999 1233 1113 1263 electus
1138 1238 1223 1265 sorte
1245 1235 1405 1267 Matthias.

896 1289 927 1320 3.
955 1287 1012 1318 Vir
1033 1288 1127 1320 totius
1154 1289 1300 1321 bonitatis

953 1333 991 1364 In
1014 1333 1129 1365 virtute
1154 1336 1293 1366 caritatis

953 1379 1009 1410 Jus
1034 1380 1158 1411 solvens
1181 1381 1382 1413 humanitatis

999 1424 1177 1457 Coronatur
1201 1427 1339 1466 coelitus,

889 1469 927 1501 V.
952 1470 1113 1501 Invehitur
1139 1473 1231 1503 caelis

998 1524 1105 1547 servus
1129 1518 1226 1549 bonus
1252 1521 1343 1557 atque
1367 1518 1484 1554 fidelis,

432 923 631 957 Responsoria.

244 977 274 1010 1.
298 977 451 1008 Deserens
476 979 727 1020 patriarchatum,

344 1023 454 1054 Sedem
467 1024 622 1061 antiquam
636 1024 830 1064 Graecorum,

295 1068 325 1099 A
349 1069 495 1100 silvestro
520 1071 726 1107 praesulatum

343 1115 441 1145 Sumit
465 1114 548 1144 urbis
572 1115 785 1154 Treverorum,

341 1160 510 1191 Primatum
535 1159 768 1199 Cisalpinorum.

231 1203 269 1235 V.
294 1204 354 1236 Pro
377 1205 486 1236 merito
510 1214 627 1236 morum

342 1251 435 1281 sumit
456 1251 591 1289 regimen
614 1253 805 1291 populorum.

239 1305 270 1335 2.
296 1303 406 1335 Statim
428 1306 498 1336 luce
520 1306 659 1338 veritatis

298 1350 399 1381 Pulsis
423 1351 538 1381 umbris
564 1353 719 1384 caecitatis

295 1394 379 1426 Urbs
402 1399 534 1427 nox-atur
557 1399 699 1435 puritatis

340 1441 440 1472 Fonte
461 1450 519 1480 per
541 1443 708 1482 Agrieium,

231 1485 268 1516 V.
296 1484 388 1525 Cujus
410 1488 557 1518 mandata

341 1533 473 1571 spondet
497 1535 651 1571 complere
672 1538 790 1573 parata.

243 1585 273 1616 3.
299 1586 350 1617 Cel
356 1587 409 1617 ebs
431 1588 542 1618 mentis
566 1590 628 1620 otio

339 1633 432 1663 Pater
455 1633 597 1665 visitatur
1049 1636 1065 1666 I
1073 1644 1094 1665 n
1116 1636 1144 1667 L
1152 1645 1171 1667 a
1179 1646 1199 1667 u
1210 1638 1229 1668 d
1237 1638 1250 1668 i
1258 1637 1277 1668 b
1286 1647 1308 1668 u
1316 1647 1340 1671 s.

293 1677 321 1708 A
348 1687 479 1716 superno
503 1681 619 1715 nuntio,

340 1723 396 1761 Qui
420 1727 558 1755 sanctum
582 1725 708 1757 affatur:
1096 1708 1286 1745 Antrphonae.

292 1768 337 1799 Te
360 1769 498 1800 confecto
523 1771 607 1802 senio
897 1768 927 1799 1.
953 1767 1111 1799 Laudibus
1136 1770 1295 1809 Agricium

336 1816 463 1847 Praesul
487 1819 640 1848 statuatur
999 1814 1136 1846 celebres
1160 1817 1191 1847 in
1216 1817 1310 1849 laude
1334 1827 1460 1860 canora,

227 1858 266 1890 V.
292 1860 348 1891 Vir
371 1861 567 1901 Maximinus,
954 1859 1010 1890 Cui
1033 1868 1091 1898 per
1116 1867 1294 1894 cunctorum

337 1907 425 1944 quasi
436 1916 562 1947 magnus
573 1917 676 1940 amore
685 1909 829 1940 caminus.
995 1906 1062 1937 laus
1086 1908 1203 1939 musica
1228 1916 1395 1950 concrepet
1418 1922 1483 1948 ora,

895 1961 925 1992 2.
951 1960 1053 1992 Sacris
1078 1960 1225 1995 fundatus

358 2015 402 2046 In
428 2018 457 2048 3,
482 2016 703 2050 Nocturna
997 2008 1160 2047 scripturis
1186 2014 1217 2041 et
1238 2013 1426 2055 moderatus,

950 2053 1043 2085 Coelo
1069 2054 1221 2088 discretus

432 2089 622 2124 Antiphonae.
993 2098 1053 2131 fuit
1081 2100 1132 2133 hic
1156 2101 1321 2144 fructuque
1344 2108 1494 2147 repletus.

239 2143 268 2175 1.
294 2142 450 2183 Spernunt
473 2145 613 2186 cultores,
892 2155 923 2188 3,
948 2155 1156 2194 Ingeminatus
1181 2168 1268 2191 amor

337 2190 388 2229 qui
414 2190 610 2246 daemonibus
630 2193 826 2236 famulantur,
993 2202 1076 2233 hunc
1087 2212 1219 2245 spesque
1229 2205 1370 2247 fidesque
1378 2210 1493 2252 beavit,

291 2235 381 2267 Idola
403 2245 519 2275 quaeve
542 2238 619 2270 n1h11
948 2248 1046 2280 Donis
1070 2254 1201 2283 naturae

337 2283 460 2313 deitatis
485 2283 598 2316 habere
621 2287 800 2325 probantur.
994 2304 1062 2326 cum
1086 2298 1229 2335 gratuitis
1253 2300 1400 2337 radiavit.
