1679 2491
729 83 981 119 —117—

292 178 376 204 BreV.
403 185 455 204 ms.
482 177 672 205 Coldoniense
697 185 771 204 saec.
798 175 870 205 ²³1'14.
903 177 971 205 Cod.
997 176 1155 204 Londinen.
1180 176 1263 203 Harl.
1288 173 1370 203 4664.
1396 189 1433 193 —
1456 175 1493 201 In

212 212 246 241 ⁸2.
265 215 349 241 Noct.
371 213 394 240 Α
418 211 450 247 3,
475 213 494 241 2
513 215 633 242 nocendi
654 215 766 242 actibus
784 214 839 242 Hs.
858 229 896 234 —«
915 212 937 240 Α
957 213 989 246 4,
1015 211 1033 241 3
1052 213 1150 241 stellas
1169 213 1309 240 inclitum.
1327 212 1382 240 Hs.
1402 226 1439 231 —
1457 212 1494 238 In

215 249 245 278 3.
264 252 348 279 Noct.
370 251 407 278 ad
427 250 507 278 Cant.
527 249 561 285 Α,
581 251 597 280 6
618 253 783 287 sponsatam
801 251 934 278 monibus
953 250 1006 278 Hs.

640 358 688 388 43.
726 358 769 388 De
789 358 894 388 sancto
914 356 1076 388 Edmimdo.

352 431 396 462 In
425 431 453 462 1.
480 431 691 470 Vesperis.

396 495 489 530 Super
506 495 647 522 Psalmos.

215 547 254 577 A.
280 547 359 585 Ave,
385 555 505 586 gemma
530 546 750 585 confessorum,

281 593 360 631 Ave,
388 593 450 624 dux
475 596 507 623 et
531 593 640 624 doctor
662 600 791 632 morum,

282 638 385 677 Salve,
410 639 583 670 sanctitatis
607 647 687 677 rosa,

283 685 396 716 Mundi
418 684 539 723 lampas
562 684 724 715 luminosa.

283 729 402 769 Gaude,
428 733 519 768 pater
542 730 679 768 pietatis,

222 795 225 801 -
282 775 426 806 Summae
449 776 536 807 sidus
559 774 741 813 honestatis,

280 821 367 860 Vale,
400 829 533 853 vernans
556 820 623 860 flos,
648 821 825 859 Edmunde,

280 867 324 898 Et
346 876 404 905 pro
429 867 518 898 nobis
542 875 651 905 preces
677 866 782 902 funde,

400 934 446 962 Ad
464 934 640 969 Magnificat.

213 987 255 1017 A.
281 986 375 1018 Pater
398 986 468 1025 pius

326 1036 358 1063 et,
380 1033 496 1070 primas
520 1032 663 1072 Angliae,

283 1077 450 1109 consertus
476 1081 523 1108 est

326 1124 444 1163 angelis
467 1123 569 1156 hodie.

283 1170 517 1208 Triumphantis

327 1215 454 1254 plausus
480 1215 630 1247 ecclesiae

281 1261 424 1293 Psallunt
447 1270 514 1299 ave,

327 1307 475 1338 coelestes
500 1307 605 1338 curiae

282 1353 390 1384 Novae
415 1354 531 1384 ducunt

327 1397 441 1430 festum
465 1398 604 1431 laetitiae

282 1445 518 1484 Congaudentes

324 1492 423 1531 ipsius
447 1491 575 1530 gloriae.

345 1583 406 1614 Ad
430 1583 692 1615 Matutinum.

414 1647 626 1674 Invitatcrium.

280 1698 468 1730 Edmundus
492 1699 534 1730 ad
558 1698 674 1738 gaudia

325 1744 476 1784 Migravit
498 1747 636 1783 aeterna,

279 1790 423 1822 Militans
447 1791 579 1822 ecclesia

326 1837 463 1870 Plaudet
487 1845 555 1867 cum
580 1844 723 1875 superna.

343 1929 388 1962 In
416 1929 444 1961 1.
471 1928 693 1960 Nocturno.

423 1992 614 2028 Antiphonae.

222 2048 253 2081 1.
279 2045 413 2078 Summis
438 2047 507 2075 erat
530 2043 691 2083 praeditus

325 2092 445 2124 meritis
469 2090 665 2128 Edmundus‚

279 2138 428 2171 Sermone
451 2138 501 2169 vel
526 2145 622 2176 opere

326 2185 441 2217 nemini
465 2183 630 2216 secundus.

221 2243 252 2275 2.
280 2241 395 2273 Clerici
416 2240 473 2273 sub
498 2239 607 2272 habitu

327 2289 406 2320 clam
431 2287 593 2326 officiatus,

949 430 1058 463 Carnis
1081 429 1294 468 implacabiles

994 475 1113 506 domuit,
1136 477 1272 506 conatus.

917 566 923 572 .
951 539 1058 571 Carnis
1082 537 1227 578 frangens
1251 540 1384 578 impetus

995 585 1062 616 cibo
1086 584 1222 623 parciori

949 630 1019 661 Non
1041 631 1184 662 sumebat
1205 631 1338 662 omnium

992 679 1100 714 potum
1123 676 1180 708 sed
1202 676 1321 708 honori.

1086 752 1216 788 Respons
1222 754 1291 779 oria.

915 828 921 836 .
949 803 1090 835 Candida
1113 803 1275 844 virginitas

991 849 1076 888 leges
1102 849 1234 879 calcavit
1255 849 1354 880 avitas

950 895 1058 927 Carnis
1082 894 1115 925 in
1140 894 1316 935 Edmundo,

993 941 1045 979 qui
1070 942 1154 972 casto
1181 948 1320 979 corpore,
1344 939 1459 971 mundo

948 986 1050 1018 Corde
1072 986 1173 1018 Deum
1198 986 1300 1018 colere

992 1032 1112 1063 studuit
1136 1034 1281 1070 casteque
1304 1032 1432 1070 timere3

913 1103 920 1110 .
946 1078 1082 1110 Crimine
1104 1087 1175 1109 nam
1202 1086 1293 1108 saevo

991 1133 1054 1155 non
1079 1126 1126 1154 est
1147 1122 1281 1155 infectus
1306 1123 1345 1154 ab
1370 1130 1457 1155 aev0.

915 1214 921 1221 .
947 1189 1009 1219 Hic
1030 1188 1150 1226 Moysis
1174 1196 1260 1218 more

992 1237 1099 1272 spreto
1119 1234 1291 1265 Pharaonis
1314 1241 1420 1264 amore

948 1280 1009 1311 Pro
1033 1279 1158 1310 minimo
1184 1279 1281 1317 duxit,

993 1325 1144 1365 quidquid
1157 1334 1225 1356 cum
1238 1328 1378 1363 tempore
1386 1322 1490 1362 fluxim

913 1396 920 1403 .
946 1372 1045 1403 Annis
1070 1381 1089 1402 a
1111 1371 1221 1409 primis

993 1417 1141 1448 coelestia
1163 1416 1314 1456 praetulit
1333 1415 1416 1449 imiS.

915 1507 923 1515 .
948 1482 1051 1514 Duras
1074 1481 1135 1511 iste
1157 1483 1223 1513 vias

993 1528 1101 1567 tenuit,
1128 1535 1203 1566 quas
1228 1526 1349 1566 spernit
1369 1525 1468 1566 Elias,

949 1574 1082 1605 Exstitit
1104 1573 1177 1604 huic
1199 1573 1288 1604 testis

996 1620 1082 1651 cibus
1104 1622 1190 1650 artus
1216 1622 1247 1649 et
1262 1627 1375 1657 aspera
1390 1618 1493 1659 restiS,

915 1691 922 1699 .
947 1666 1117 1705 Displicuit
1140 1665 1242 1697 mollis

994 1712 1106 1752 byssus
1132 1714 1163 1742 et
1185 1719 1325 1750 purpura
1347 1710 1454 1742 vestis.

1010 1823 1055 1854 In
1082 1823 1113 1855 2.
1139 1822 1324 1853 Nocturn
1335 1828 1363 1853 0.

1092 1884 1284 1920 Antiphonae.

917 1962 924 1969 .
950 1938 1013 1970 Hic
1037 1937 1085 1969 vir
1109 1937 1177 1968 sine
1199 1936 1320 1967 macula

993 1992 1056 2015 non
1076 1983 1135 2015 ivit
1157 1985 1229 2022 post
1251 1991 1369 2022 aurum,

949 2030 1020 2062 Non
1044 2030 1160 2061 amavit
1182 2037 1354 2060 mammona

994 2084 1054 2108 nee
1076 2076 1158 2108 aeris
1181 2076 1371 2108 thesaurum.

916 2168 922 2175 .
950 2142 1110 2174 Seminans
1134 2141 1166 2172 in
1190 2140 1326 2172 lacrimis

995 2190 1028 2220 in
1055 2189 1167 2227 plausu
1191 2196 1356 2228 messurus,

950 2235 1059 2267 Carnis
1085 2237 1153 2266 erat
1173 2233 1312 2266 carnifex

994 2281 1113 2322 rigidus
1138 2284 1167 2312 et
1193 2281 1299 2315 durus.
