1679 2491
717 81 965 117 —107-

234 201 241 207 .
267 175 349 207 Dum
375 182 470 214 capsa
496 175 671 214 deponitur,

266 219 373 253 Novus
398 219 467 252 fons
492 221 684 259 producitur,

265 266 332 298 Fur
359 267 429 306 pius
454 266 592 298 abluitur

232 336 240 343 .
265 312 377 351 Fonte,
402 312 545 351 Dionysi,

311 359 466 398 scaturigo
489 360 599 397 potens
623 359 773 397 paradisi.

232 456 238 462 .
266 431 365 463 Jubar
388 431 494 463 nobile
516 431 715 472 Graecorum,

265 477 448 518 Dionysius,
475 477 636 509 Gallorum

266 524 395 562 Doctor,
420 526 542 562 martyr
565 524 697 563 martyri

268 568 466 601 Emmeramo
490 570 628 608 praesuli

268 615 400 646 Praesul
421 616 545 654 junctus
571 618 619 647 est
642 616 745 648 simili.

233 685 240 691 .
267 661 399 692 Sanctus
424 661 476 692 hic
500 665 531 691 et
553 662 609 692 ille

266 705 380 737 Manus
404 707 639 737 misericordiae

265 752 401 783 Nostrae
424 753 566 791 pandant
588 751 741 783 miseriae.

234 851 240 857 .
266 826 458 858 convertens
482 826 523 856 ad
548 824 642 857 fidem
668 824 775 857 Gallos

267 870 456 902 Graecorum
481 871 608 903 radians
631 871 767 913 lucerna,

262 916 339 948 Flos
363 916 543 956 Dionysius,

264 963 393 994 Pridem
416 963 554 995 Parisius

264 1008 436 1048 Triumpho
459 1010 577 1047 potitus

263 1054 387 1086 Ibidem
412 1059 459 1086 est
482 1055 569 1093 situs,

227 1125 235 1133 .
261 1100 444 1131 Translatus
467 1101 500 1131 in
517 1100 720 1139 Ratisponam
741 1104 809 1132 tan-

589 1147 659 1178 dem

264 1192 389 1223 Meritis
412 1195 515 1224 sacrat
538 1191 677 1223 eandem.

325 1316 372 1347 In
399 1317 429 1348 3.
455 1315 681 1350 Nocturna

401 1383 605 1417 Responsoria.

228 1465 236 1471 .
261 1439 343 1471 Dum
370 1440 492 1471 devotio
519 1439 660 1472 Caesaris

261 1487 323 1518 Per
347 1494 417 1517 ossa
440 1486 555 1517 sacrati
578 1486 677 1525 patris

260 1532 434 1564 Maximum
459 1532 587 1565 duceret,
607 1532 750 1571 jubilum,

258 1578 345 1610 Loca
369 1578 504 1617 contegit
528 1578 678 1617 nubilum,

225 1651 232 1657 .
259 1624 344 1662 Quae
366 1625 422 1656 lux
446 1628 534 1656 tanta
559 1625 706 1665 deseruit,

260 1670 365 1710 Caligo
389 1680 462 1702 mox
487 1671 618 1710 operuit.

225 1769 232 1775 .
259 1743 426 1775 Coi'ruscat
434 1745 520 1784 apud
526 1753 582 1775 nos
591 1745 806 1776 carnelocatus

258 1790 464 1821 Hierarchiae
487 1790 592 1822 scriba
615 1790 735 1830 beatus,

225 1861 232 1868 .
257 1836 295 1867 In
320 1836 412 1867 terris
437 1836 576 1868 scribens
601 1836 742 1876 angelica

259 1882 382 1913 Pandat
405 1882 495 1913 nobis
520 1890 602 1913 nunc
626 1882 752 1915 coelica.

223 1982 230 1988 .
256 1957 378 1989 Lumen
404 1955 569 1994 Grajorum

301 2001 504 2043 praefulgens
534 2004 603 2034 arte
626 2002 804 2043 sophorum,

253 2049 413 2089 Areopagi
437 2050 500 2087 lux,

301 2104 392 2136 quem
417 2099 459 2136 tu,
485 2103 579 2127 verae
602 2094 677 2126 fidei
701 2094 774 2134 dux,

254 2142 362 2181 Paule,
387 2141 455 2174 Deo
480 2140 595 2180 ferens,

299 2188 419 2228 primus
444 2188 496 2228 qui
521 2188 602 2220 rexit
625 2187 777 2227 Athenas,

253 2235 393 2267 Par-isius
415 2236 521 2274 palma

298 2281 397 2313 fretus
424 2282 590 2322 deponitur
613 2280 706 2313 alma.

869 177 907 209 V.
931 176 1040 208 Denuo
1065 177 1233 207 translatus

860 2046 900 2078 A.

981 222 1064 262 apud
1082 222 1336 261 Imbripolimque
1347 221 1478 260 locatus,

935 268 1026 300 Hanc
1049 271 1152 300 sacrat
1177 268 1337 299 ecclesiam

984 322 1094 356 comes,
1120 314 1294 353 Emerame,
1324 312 1384 345 tibi
1403 314 1478 352 Jam.

938 370 961 401 Ο
986 369 1164 407 praedulcis
1188 369 1389 409 Areopagita‚

938 414 1088 446 Graeciae
1110 415 1288 454 margarita,

937 461 996 499 Qui
1037 461 1109 493 dum
1146 461 1305 492 Gallorum
1344 461 1477 500 patriam

1259 506 1410 538 convertis

935 552 1085 591 Martyrii
1108 553 1243 591 palmam
1267 553 1399 591 adeptus

936 598 1102 636 Proprium
1125 601 1218 637 caput
1232 598 1373 630 manibus
1392 598 1479 629 detu-

1257 645 1332 683 listi,

932 688 1480 729 InFranoiaprimosepelirivoluisti.

932 734 1016 765 Hinc
1038 735 1207 766 translatus
1229 735 1432 774 Ratisponam

934 779 1053 811 Ultimo
1079 780 1130 811 die
1152 781 1346 812 reddendam

934 825 1031 864 Apud
1053 825 1283 857 Emmeramum
1309 829 1480 866 martyrem

935 871 1141 903 Praestolaris
1167 881 1319 903 coronam.

1021 954 1064 985 In
1089 954 1171 985 Lau
1184 954 1316 988 dibuS.

1079 1017 1268 1052 Antiphonac.

901 1098 909 1105 .
935 1073 1085 1105 Constans
1110 1074 1225 1105 veritas
1250 1074 1386 1114 inventa,

932 1119 976 1150 Et
1007 1119 1102 1159 siguis
1128 1122 1159 1150 et
1181 1120 1298 1158 scripto
1324 1122 1477 1159 contenta,

932 1164 1001 1196 Nec
1022 1165 1124 1196 locum
1141 1166 1269 1204 reliquit
1281 1167 1346 1205 jam
1364 1165 1476 1205 dubiis

930 1211 1074 1249 Dionysii
1082 1211 1142 1242 hoc
1150 1220 1221 1243 ossa
1232 1220 1299 1243 esse
1306 1212 1339 1243 in
1347 1213 1474 1253 templo,

900 1292 908 1300 ‚
932 1265 997 1297 Leo
1021 1266 1088 1296 veri
1113 1267 1201 1304 signa
1225 1267 1333 1298 videns

930 1310 1111 1342 Affirmavit
1132 1320 1199 1342 rem
1224 1312 1392 1352 confidenS,

932 1357 1028 1388 Omne
1053 1357 1180 1389 dubium
1204 1358 1350 1390 relidens.

931 1412 1019 1451 Papa
1042 1419 1108 1443 rem
1133 1414 1279 1450 expertus

932 1457 1023 1488 Certo
1048 1459 1207 1497 scrutinio,

929 1503 965 1534 In
990 1503 1081 1542 hujus
1105 1505 1214 1543 templi
1237 1505 1352 1536 scrinio

930 1549 1077 1581 Sanctum
1102 1558 1169 1581 esse
1195 1551 1352 1582 doctorem

931 1596 1112 1636 Promulgat
1133 1596 1241 1628 mundi
1266 1596 1406 1633 confinio.
1448 1603 1454 1612 ³

898 1675 904 1681 .
929 1650 979 1682 En
1003 1651 1124 1690 lapides
1148 1650 1228 1683 fiunt
1251 1654 1357 1691 testes,

929 1697 1113 1729 Teutoniam
1138 1699 1221 1737 quod
1244 1698 1399 1738 honestes,

928 1742 1062 1783 Dionysi
1086 1744 1289 1783 sanctissime,

928 1789 999 1820 Huc
1020 1790 1189 1821 translatus
1213 1789 1388 1820 novissime.

927 1845 989 1875 Per
1014 1845 1188 1885 Augustum
1209 1845 1272 1876 liuc
1293 1844 1446 1875 translate

928 1890 972 1921 Et
994 1898 1052 1929 per
1074 1899 1189 1930 papam
1213 1891 1418 1930 promulgate,

926 1935 993 1967 Nos
1019 1935 1179 1976 defendaS,
1206 1937 1257 1969 hic
1280 1938 1390 1969 locate.

1045 2000 1092 2027 Ad
1109 2001 1291 2028 Benedictus.

925 2046 971 2077 Te
994 2046 1108 2078 Paulus
1133 2048 1221 2080 dedit

974 2093 1107 2133 Christo,
1135 2096 1213 2126 duce
1236 2098 1269 2126 te
1293 2097 1395 2128 credit

926 2138 1040 2179 Gallia,
1064 2140 1218 2182 Machari,

970 2195 1030 2225 qua
1053 2190 1174 2230 martyr
1197 2189 1244 2220 vis
1268 2189 1426 2229 tumulari,

925 2232 1067 2264 Tandem
1090 2235 1260 2266 translatus

969 2279 1028 2311 hac
1051 2289 1164 2319 pausas
1189 2282 1267 2314 aede
1291 2283 1421 2314 locatus,
