1679 2491
0 783 12 879 ⁴³2
0 750 9 780 -·=-·
0 564 12 601 -.

0 1233 13 1261 ψ’

224 168 254 199 3.
279 168 316 199 In
340 167 503 198 tormentis

324 216 448 244 sanctus
472 213 642 254 robustior,

280 260 317 291 In
341 260 498 299 responsis

324 307 456 345 apparet
476 305 579 337 acrior

281 352 325 383 Et
344 352 410 390 jam
434 353 535 383 tortus

325 398 427 436 ipsum
453 397 629 429 carnificem

279 444 342 475 Per
365 453 537 475 sermonem

325 492 447 530 torquet
471 491 684 530 multiplicem.

417 554 620 589 Responsoria.

223 602 252 633 1.
280 601 475 633 Christianae
498 601 588 643 testis
612 601 689 639 legis

278 649 322 680 Et
345 648 464 678 athleta
487 648 597 678 summi
621 647 703 686 regis

281 693 334 725 Nil
359 692 531 724 formidans
558 694 684 724 caedem
708 692 817 724 mortis

278 740 314 770 In
341 738 486 770 conflictu
510 739 613 770 stabat
637 737 738 776 fortis,

243 809 249 816 .
277 785 338 816 Pro
363 785 460 815 nihilo
485 785 653 816 blanditias

279 831 376 862 Ducit
400 830 449 862 vel
472 831 570 861 minas
594 830 706 870 regias.

245 911 251 919 .
280 885 395 917 Caesar
419 884 488 916 face

324 930 438 963 furoris
462 932 551 970 impii

278 978 457 1010 Concitatus

322 1024 426 1055 verbis
452 1023 579 1063 Georgii

278 1070 394 1102 Christi
418 1072 530 1101 testem

324 1116 379 1147 dat
404 1115 600 1147 carnificibus

277 1162 485 1195 Cruciandum

325 1208 411 1239 <luris
435 1208 635 1247 verberibus3

240 1279 247 1286 .
276 1255 391 1287 Caesar
414 1263 524 1294 preces

322 1303 354 1331 et
377 1304 451 1332 vota
474 1301 619 1340 porrigit,

277 1347 361 1378 Deos
385 1347 527 1387 laudans,

323 1393 376 1432 qui
400 1401 471 1424 suos
498 1393 607 1432 diligit.

243 1475 250 1481 .
276 1450 500 1481 Praesentatur

320 1495 368 1526 vir
392 1498 517 1526 sanctus
543 1494 677 1533 Caesari,

277 1542 372 1580 Quem
397 1541 610 1581 contemplans

319 1588 408 1621 vultu
432 1597 494 1619 non
518 1588 611 1619 hilari

274 1635 371 1667 Minis
395 1637 501 1667 monet

321 1683 414 1720 atque
436 1680 611 1723 blanditiis,

273 1728 319 1760 Ut
342 1728 381 1758 ab
409 1729 474 1767 ejus

323 1777 423 1805 cesset
444 1774 588 1812 inJ'uriis3

241 1847 247 1853 .
272 1821 344 1853 Jam
367 1829 494 1851 securus

320 1869 441 1905 martyr
465 1866 505 1897 (le
526 1866 637 1898 bravio

274 1913 387 1966 Spreto
412 1913 538 1966 gaudet.

320 1968 404 1999 regis
427 1967 571 1998 imperio.

362 2053 380 2085 I
387 2063 408 2085 n
441 2051 469 2084 L
478 2061 498 2084 a
506 2062 525 2083 u
536 2052 604 2085 dib
612 2061 633 2083 u
641 2061 666 2084 s.

420 2107 613 2143 Antiphonae.

240 2180 247 2188 .
275 2157 473 2197 Regnatoris‚

323 2203 375 2244 qui
396 2203 482 2243 juste
503 2202 635 2243 Judicat‚

272 2250 367 2282 Miles
392 2249 484 2282 fortis

320 2297 467 2330 virtutem
491 2296 667 2337 praedicat,

724 72 976 109 --153-μ

948 168 1014 205 Qua
1037 166 1233 206 praecinctus

994 214 1102 253 dignas
1127 222 1166 244 ex
1187 213 1295 245 intimo

949 260 1073 292 Laudes
1097 268 1151 291 ore

992 307 1086 337 solvit
1110 309 1140 337 et
1163 306 1274 338 animo.

916 389 922 395 .
948 362 1042 393 Plebs
1066 361 1214 393 assistens

991 408 1064 438 huic
1087 408 1263 446 spectaculo

947 454 1110 485 Jaculatur

993 500 1058 531 viso
1082 500 1230 531 miraculo

950 546 994 578 Et
1017 548 1193 585 contempto

992 592 1066 623 solis
1091 592 1254 623 simulacro

948 638 1042 669 Sacro
1068 636 1191 680 [fontis]

993 692 1027 714 se
1051 685 1163 723 mergit
1185 684 1318 715 lavacro

911 763 918 770 .
945 740 1025 778 Quos
1052 740 1189 778 suscepit

996 784 1102 815 divina
1127 785 1255 816 dextera

946 829 1133 862 Confitentes

990 877 1097 915 culpas
1121 880 1154 907 et
1176 877 1305 915 scelera,

946 924 1017 955 Jam
1042 931 1171 960 corpore

992 969 1093 1007 sopito
1120 968 1280 999 criminum

947 1016 1047 1047 Puras
1071 1015 1175 1046 levant

990 1069 1098 1091 manus
1122 1061 1163 1092 ad
1187 1060 1362 1092 Dominum.

914 1140 921 1146 .
948 1115 1079 1147 Sanctus
1104 1119 1222 1157 martyr

993 1170 1156 1193 conversos
1178 1163 1306 1194 instruit

944 1208 989 1239 Et
1011 1208 1178 1240 instructos

990 1253 1152 1293 baptizans
1177 1254 1276 1286 abluit

944 1301 1124 1338 Baptizatos

992 1347 1208 1378 commendant
1230 1347 1348 1378 numini

946 1393 1138 1424 Benedicens

993 1447 1089 1478 opera
1110 1438 1245 1470 Domini.

913 1519 920 1525 .
946 1494 1095 1533 Princeps
1120 1496 1224 1526 terrae

992 1543 1093 1572 motus
1117 1540 1236 1572 invidia

945 1587 1146 1627 Promulgata

989 1634 1101 1664 mortis
1126 1634 1280 1665 sententia

944 1680 1052 1711 Virum
1077 1679 1138 1711 Dei

988 1726 1094 1757 necari
1118 1726 1280 1765 praecipit,

943 1772 1120 1811 spiculator

991 1818 1165 1849 necandum
1190 1818 1330 1857 suscipit.

1060 1909 1105 1937 Ad
1123 1909 1304 1937 Benedictus.

912 1991 919 1998 .
945 1966 1136 2005 Deputatum

990 2015 1130 2045 sanctum
1154 2014 1303 2053 martyrio

947 2060 1119 2093 Comitatur

992 2105 1095 2138 fidelis
1120 2107 1235 2146 concio,

947 2153 1009 2185 Sed
1031 2162 1158 2185 securus

995 2203 1119 2232 sanctus
1145 2201 1184 2232 de
1206 2201 1344 2239 praemio

944 2248 1038 2279 Vitae
1062 2256 1184 2279 cursum

991 2293 1093 2326 finivit
1118 2294 1232 2334 gladio.
