1656 2491
258 1971 278 2001 2

259 2164 277 2194 3

758 127 804 134 —-
851 108 1019 141 166--

285 229 292 235 .
316 205 455 235 Lubrica
477 213 534 242 pro
560 203 614 233 vili

365 245 490 287 reputat
515 256 606 278 eursu
627 244 767 283 juvenili,

316 294 487 331 Exemplar
511 294 637 328 clarum,

365 339 427 369 dux
439 336 576 375 praevia,
593 335 685 365 stella
699 334 859 365 bonarum.

455 425 657 459 Responsoria.

285 514 291 520 .
316 489 530 521 Laetificando
554 489 655 520 locum

361 538 486 566 resonet
496 536 607 565 chorus
617 543 732 575 organa
745 543 860 573 vocum,

315 581 470 612 Decantet
493 581 630 620 gaudens

366 630 398 657 et
421 627 499 657 coeli
524 626 609 657 curia
632 626 785 665 plaudens

316 673 421 710 Adsit,
446 674 482 702 ut
503 673 536 703 in
560 673 661 711 plenis

362 718 509 749 laudetur
533 719 619 758 virgo
645 719 808 757 camoenis,

319 764 469 796 Concinat
492 774 529 796 ae
553 768 621 795 oret

363 812 420 849 vir,
439 809 563 850 femina,
586 812 714 851 quisque
729 812 860 843 laboret.

319 875 455 907 Crimina
479 878 597 917 cuncta,
622 880 714 915 pater

363 923 430 953 vult
453 922 513 953 hoe
537 926 569 952 et
591 922 701 954 sedula
724 926 833 962 mater,

316 968 358 1000 Vi
380 967 500 1006 fugiens
529 971 597 999 tota

365 1014 487 1046 Christo
512 1015 646 1053 spondet
670 1023 725 1046 sua
750 1018 831 1054 vota,

316 1059 424 1091 Carnis
451 1060 600 1092 devexum

363 1106 459 1138 maris
476 1107 574 1138 omnis
590 1106 724 1145 provida
740 1116 861 1139 nexum.

319 1172 347 1201 A
372 1173 463 1210 patre
486 1172 561 1202 villa
587 1172 684 1210 datur,

362 1226 421 1256 quo
446 1226 577 1257 pergens
604 1219 689 1258 virgo
713 1221 862 1258 moratur,

319 1264 474 1303 Competit
498 1272 566 1295 esse
589 1267 688 1295 status

363 1310 404 1341 ad
429 1318 505 1348 opus
528 1311 650 1349 proprii
673 1309 850 1350 famulatus,

318 1355 419 1395 Seque
444 1356 628 1394 domumque
648 1365 759 1396 regens

361 1402 405 1432 ibi
438 1402 516 1432 vivit
540 1403 712 1433 humillima
738 1403 861 1442 degens„

281 1472 287 1477 .
315 1446 475 1478 Laudibus
500 1456 597 1487 usque
621 1457 744 1486 vacans,

363 1492 518 1524 Christum
534 1501 591 1532 per
607 1494 711 1524 omnia
721 1495 860 1532 plaeans.

376 1622 421 1652 In
447 1622 478 1652 2.
503 1620 530 1651 N
543 1623 728 1654 coturno.

458 1702 649 1737 Antiphonae.

317 1768 460 1808 Contigit.
486 1771 521 1798 ut
542 1768 667 1807 quidam

365 1815 424 1846 ‹luo
450 1815 562 1845 vellent
586 1812 695 1845 fallere
718 1813 813 1845 fidam

312 1861 469 1891 Ancillam
495 1860 620 1898 Christi,

363 1907 412 1937 eui
435 1908 528 1945 tutor,
555 1905 686 1944 Christe,
711 1903 807 1939 fuisti,

282 1994 289 2001 .
313 1969 451 2008 Angelus
474 1969 604 2007 accedit,

360 2017 465 2045 monet
487 2017 519 2044 et
537 2014 719 2053 virguncula
747 2015 856 2056 eredit,

316 2060 368 2091 Sic
391 2060 600 2099 splendorque
623 2061 725 2099 micat,

362 2110 476 2137 castam
500 2105 558 2137 sibi
585 2109 686 2137 castus
710 2107 831 2138 amicat.

282 2187 289 2193 .
314 2160 452 2192 Advenit
473 2161 551 2192 haee
577 2170 710 2192 eremum

359 2206 422 2238 fido
448 2207 526 2238 duce
550 2208 677 2239 credula
701 2208 832 2247 demum,

311 2253 374 2284 Hie
395 2254 481 2284 loeus
505 2256 630 2292 aptatur

360 2299 420 2331 sibi
442 2302 547 2338 gratus
570 2308 666 2338 eoque
688 2304 834 2333 moratur.

927 252 958 283 1.

928 536 959 565 2.

1120 195 1324 229 Responsoria.

983 251 1071 282 Haec
1096 250 1189 280 eremi
1215 251 1338 288 cultrix,

1030 295 1117 334 quasi
1141 294 1227 326 facta
1248 295 1386 325 vulneris
1409 293 1516 331 ultrix,

985 342 1021 372 In
1047 340 1163 372 Christi
1187 340 1285 370 latere

1032 387 1217 418 constanter
1242 385 1344 425 coepit
1367 386 1476 424 latere,

982 433 1089 465 Herba
1113 433 1173 464 sibi
1196 432 1297 463 vietus

1032 482 1063 510 et,
1087 479 1220 510 cilicium
1244 477 1281 510 fit
1303 479 1443 510 amictus.

987 535 1141 567 Christum
1166 536 1269 564 mente
1291 533 1406 571 ferens,

1031 580 1207 618 scripturae
1228 588 1351 620 semper
1366 580 1530 611 inhaerens

984 626 1038 657 Fit
1060 626 1160 664 proba
1183 635 1238 657 vas
1264 627 1372 665 doxae,

1030 673 1124 704 totius
1148 673 1248 704 h'bera
1269 681 1380 713 noxae,

982 720 1021 750 In
1045 719 1151 750 studet,
1174 719 1309 750 aeternis

1029 773 1187 796 nemorum
1203 765 1356 797 latitando
1380 766 1529 797 cavernis.

951 845 958 851 .
986 820 1077 852 Cedit
1101 820 1138 851 ab
1164 821 1222 852 hae
1245 821 1311 852 vita

1030 870 1103 906 post
1125 868 1254 898 multum
1279 868 1326 898 sie
1350 869 1487 907 eremita,

985 912 1128 944 Hominis
1153 913 1333 952 obsequitur

1033 959 1122 999 plebs
1141 959 1265 998 coelica,
1293 968 1353 999 qua
1370 960 1530 1000 sepelitur,

986 1005 1040 1036 Fit
1064 1014 1184 1045 quoque
1206 1014 1292 1045 voce,
1316 1007 1386 1044 Jyra

1032 1060 1100 1083 eum
1123 1052 1270 1091 lampade
1292 1053 1385 1084 latria
1409 1054 1498 1094 mira,

949 1121 957 1128 .
981 1097 1063 1129 Sede
1086 1098 1186 1129 libens
1210 1099 1314 1130 anima

1031 1153 1173 1183 superum
1193 1144 1381 1176 transfertur
1401 1146 1443 1176 ad
1457 1145 1528 1176 ima.

1052 1266 1097 1296 In
1123 1267 1152 1298 3.
1179 1265 1401 1299 Noeturno.

1128 1347 1320 1383 Anfiphonae.

952 1431 958 1437 .
986 1407 1082 1439 Gesta
1104 1411 1216 1446 patent
1236 1409 1320 1447 ,iusto

1030 1453 1153 1485 cuidam
1178 1457 1342 1494 ceteraque
1366 1458 1505 1495 venusto,

985 1499 1131 1538 Contigit,
1156 1504 1192 1531 ut
1215 1502 1318 1541 sciret,

1031 1546 1101 1576 dum
1129 1546 1245 1577 dietum
1260 1556 1319 1585 per
1334 1555 1441 1578 nemus
1458 1548 1528 1579 iret.

984 1599 1068 1631 Coeli
1091 1603 1182 1631 noete
1208 1601 1333 1632 chorum

1030 1645 1118 1676 videt
1141 1649 1173 1677 et
1192 1646 1286 1685 J'ubar
1307 1648 1396 1679 audit
1412 1657 1527 1688 eorum,

981 1690 1081 1722 Dulee
1103 1693 1200 1723 melos
1227 1702 1312 1734 sane,

1027 1737 1097 1768 loca
1105 1738 1209 1778 signat
1217 1739 1292 1777 ,abit
1300 1749 1421 1780 quoque
1427 1751 1527 1775 mane.

949 1815 956 1822 .
981 1791 1082 1824 Nocte
1105 1797 1253 1833 sequente
1277 1796 1403 1835 quidam

1026 1840 1075 1871 vir
1097 1841 1304 1878 pernoctabat
1326 1842 1453 1884 ibidem,

982 1884 1101 1925 Dignus
1124 1887 1210 1919 idem
1236 1888 1362 1927 dignum

1026 1932 1107 1963 vidit
1129 1936 1332 1966 memorabile
1355 1936 1485 1975 signum.

1118 2015 1321 2051 Responsoria.

946 2098 953 2104 .
981 2073 1036 2104 Vir
1059 2077 1124 2106 toto
1148 2077 1218 2107 nisu

1027 2120 1166 2160 divulgat
1190 2124 1313 2161 cognita
1336 2124 1414 2165 visu,

980 2165 1074 2196 Parte
1101 2167 1222 2199 domum
1248 2168 1369 2210 fundat,

1026 2212 1141 2252 tumba,
1171 2223 1222 2245 res
1246 2216 1334 2256 mira,
1360 2220 1527 2261 redundat,

915 2257 949 2288 V.
977 2257 1104 2289 Grande
1127 2261 1174 2291 rei
1200 2270 1312 2294 nomen

1027 2304 1210 2338 diffunditur
1233 2308 1324 2350 hujus
1350 2314 1381 2342 et,
1404 2322 1503 2347 omen.
