1656 2491
692 53 946 87 —122—-

198 155 230 185 ΕΚ)

254 152 293 184 In
316 153 380 183 toto
404 150 496 181 corde
518 148 683 181 Dominum

256 196 425 229 Confitetur
449 198 480 226 et
502 195 648 226 luminum

299 244 424 274 Patrem
447 241 540 272 laude
563 241 690 276 septena

255 289 459 326 Sanctamque
481 293 589 316 nomen
614 283 739 315 Domini

254 334 316 365 Suo
342 331 534 364 commendat
556 329 669 369 agmini

298 378 469 412 Devotione
490 376 593 414 plena.

198 436 230 466 3.
255 434 367 465 Potens
391 432 424 462 in
447 433 531 461 terra
555 430 667 468 timuit,

255 478 347 517 Cujus
370 476 523 507 mandatis
545 475 643 507 voluit

297 523 411 555 Beatus
435 522 572 560 obedire,

255 569 363 601 Gloria
387 571 418 598 et
442 567 569 598 divitiae

256 615 328 646 Non
350 615 496 653 poterant
516 612 656 651 justitiae

299 660 401 698 Ipsius
427 658 589 690 contraire.

198 717 229 748 4.
254 715 306 746 Ex
328 715 386 745 hoc
408 721 490 745 nunc
513 715 543 743 et
567 713 597 743 in
624 711 777 743 saeculum

254 759 314 791 Dei
337 767 394 798 per
417 759 490 789 solis
516 758 663 789 circulum

301 804 349 836 Sit
371 813 480 836 nomen
504 803 708 841 benedictum,

256 851 379 889 Vosque
400 850 535 888 laudate,
560 849 658 889 pueri,

258 897 390 928 Puerum
412 904 466 926 suo
490 895 614 933 corpori

302 941 471 972 Tenentem
490 939 563 971 fune
584 940 734 971 strictum.

857 145 889 178 5.
914 143 1064 181 Laudate‚
1089 143 1207 180 gentes,
1232 139 1409 177 Dominum,

915 189 979 227 Quo
1004 191 1124 226 tempus
1149 191 1195 218 est
1217 186 1427 224 interminum,

960 235 1084 267 Veritas
1108 235 1212 265 manet
1233 235 1312 273 rata,

917 280 1010 320 Cujus
1033 279 1248 311 misericordia

914 326 975 358 Est
995 334 1053 365 per
1077 325 1176 356 sancti
1200 324 1347 364 suffragia

960 372 1060 411 Super
1083 380 1138 403 nos
1163 370 1352 403 confirmata.

1036 462 1081 489 Ad.
1099 460 1274 496 Magnificat.

848 528 889 560 A.
916 526 940 560 O
965 535 1056 566 quam
1081 526 1157 557 felix
1183 526 1355 564 Provincia,

961 573 1143 604 Sanctorum
1167 571 1362 610 viridarium,

962 618 1128 650 Proferens
1151 617 1311 649 Elearium

916 665 1071 696 Virtutum
1097 664 1271 695 redolentia

1007 710 1052 742 Ut
1074 709 1208 741 fructum
1232 710 1300 741 Deo
1327 717 1452 747 carum;

917 755 1008 787 Felix
1034 758 1065 786 et
1087 756 1173 794 Apta
1198 754 1317 794 civitas,

963 801 1070 833 Sancti
1094 801 1306 839 reliquiarium

962 847 1096 878 Servans
1121 847 1330 885 electuarium,

918 892 984 929 Quo
1010 893 1101 924 datur
1123 893 1224 931 aegris
1248 893 1376 932 sanitas,

1009 938 1212 977 Sepulchrum
1224 938 1319 978 signis
1333 938 1460 970 clarum.

265 1018 348 1045 Brev.
367 1017 491 1052 Aptense
516 1018 583 1051 imp.
601 1016 736 1051 Lugduni
763 1012 843 1042 1532.
862 1029 899 1034 —-
921 1015 958 1042 In
978 1014 1003 1042 1.
1021 1016 1108 1050 Vesp.
1128 1012 1151 1041 Α
1171 1013 1201 1048 5,
1226 1013 1245 1041 2
1263 1016 1350 1050 mag-i.
1369 1030 1407 1035 —-
1424 1016 1462 1043 In

193 1053 218 1081 2.
237 1054 319 1082 Noct,
339 1052 359 1079 Β
381 1052 409 1087 1,
430 1052 446 1079 7
471 1054 614 1088 Leprosis.
633 1066 671 1071 ——
689 1053 723 1079 In
741 1052 832 1079 Laud.
852 1050 874 1077 Α
894 1050 926 1084 4,
947 1050 966 1078 4
984 1052 1114 1079 humiles.
1134 1065 1170 1070 -
1189 1052 1251 1079 Das
1271 1052 1402 1079 Officium
1421 1053 1462 1079 ist

193 1091 245 1119 auf
269 1090 319 1117 das
345 1089 464 1117 Schema
489 1089 537 1116 des
556 1088 896 1116 Franciseus-Officiums
923 1088 1109 1122 „Franciscus
1132 1090 1178 1116 vir
1203 1087 1379 1116 catholicus“
1407 1092 1464 1116 etc.

193 1128 309 1163 gebaut3
331 1126 377 1153 die
394 1127 528 1161 Hymnen
546 1126 625 1153 siehe
643 1125 782 1153 Analecta
798 1125 849 1158 IX,
868 1134 898 1160 p.
920 1122 973 1151 112
992 1132 1055 1159 sqq.

599 1250 647 1281 45.
684 1250 727 1280 De
745 1250 848 1280 sancto
867 1249 1054 1281 Eleutherio.

332 1331 375 1362 In
402 1331 431 1364 1.
458 1331 661 1369 Vesperis.

401 1392 589 1427 Antiphonae.

206 1444 235 1477 1.
261 1444 408 1476 Laetetur
432 1443 541 1474 chorus
564 1443 689 1475 Domini

262 1488 373 1520 Sancto
399 1490 591 1527 congaudens
615 1489 731 1521 homini

306 1535 495 1573 Praecipuae
519 1535 652 1574 virtutis,

262 1579 354 1618 anus
380 1580 509 1611 debetur
530 1581 656 1619 nomini,

259 1625 347 1663 Quod
370 1625 580 1657 Tornacenses
603 1625 727 1657 termini

305 1671 384 1702 Sunt
405 1671 436 1702 in
463 1672 512 1703 via
534 1672 652 1702 salutis.

204 1728 234 1757 2.
261 1725 321 1757 Hic
345 1729 392 1756 est
415 1725 522 1757 Sereni
545 1724 636 1765 filius,

259 1770 373 1803 Beatus
397 1771 603 1810 Eleutherius,

305 1818 404 1849 Verus
431 1817 545 1849 Christi
570 1816 736 1857 confessor,

261 1862 472 1901 Corruptionis
495 1863 625 1905 nescius,

261 1908 461 1940 Praedicator
484 1909 613 1940 eximius

303 1953 347 1984 Et
369 1954 451 1984 Piati
474 1963 643 1986 successor.

204 2009 235 2040 3.
262 2007 352 2039 Hunc
374 2008 544 2040 Medardus
568 2010 702 2049 elegerat

259 2054 409 2092 Amicum,
437 2063 503 2085 cum
524 2055 587 2093 J'am
613 2056 739 2088 suberat

303 2099 340 2130 In
363 2101 464 2131 aetate
486 2100 606 2141 minori,

259 2145 302 2176 Et
323 2145 505 2184 prophetice
527 2150 655 2185 reserat,

259 2191 348 2229 Quod
372 2192 453 2223 hunc
476 2193 560 2225 Deus
582 2194 783 2233 praeviderat

304 2238 501 2270 Praesulatus
524 2239 642 2272 honori.

863 1332 893 1363 4.
919 1331 1063 1371 Adeptus
1087 1339 1197 1362 nomen
1219 1332 1371 1370 praesulis

922 1376 984 1408 Sed
1008 1375 1111 1407 ferens
1136 1381 1250 1408 sortem
1275 1378 1389 1409 exsulis

965 1422 1123 1453 Pressuris
1148 1424 1385 1464 conquadratur,

919 1466 1003 1498 Hinc
1027 1471 1185 1500 corruscat.
1206 1469 1373 1509 miraculis,

921 1514 980 1545 Per
1004 1522 1094 1553 quem
1117 1523 1137 1544 a
1159 1515 1268 1545 mortis
1291 1515 1427 1547 vinculis

964 1559 1087 1591 Blanda
1109 1561 1322 1595 resuscitatur.

863 1627 894 1660 5.
918 1625 1056 1658 Affectus
1079 1628 1176 1660 multo
1201 1629 1341 1669 verbere,

919 1673 1032 1704 Taetro
1056 1675 1195 1705 reclusus
1220 1683 1355 1716 carcere,

966 1719 1116 1751 Visitatur
1142 1720 1180 1751 de
1205 1721 1307 1761 caelis,

921 1764 1057 1803 Angelus
1082 1766 1173 1797 adest.
1195 1775 1337 1809 propere,

920 1810 1055 1841 Reducit
1078 1820 1146 1842 eum
1168 1812 1277 1852 libere,

966 1856 1059 1888 Plebs
1083 1861 1189 1897 stupet
1210 1857 1359 1894 infidelis,

854 1919 892 1952 R.
918 1919 1064 1952 Pontifex
1087 1923 1227 1961 virgineo

963 1966 1152 1999 Venustatus
1174 1966 1252 2000 flore

919 2011 982 2044 Sub
1007 2018 1117 2047 ornatu
1141 2022 1229 2046 roseo

965 2058 1128 2098 Sanguinis
1153 2061 1264 2092 decore

919 2104 997 2136 Bino
1020 2106 1184 2146 privilegio

920 2151 1031 2192 Pollet,
1057 2152 1213 2185 Christum
1235 2154 1321 2186 bivio

920 2196 1060 2238 Secutus,
1083 2208 1167 2231 nunc
1187 2199 1297 2232 bravio

964 2243 1093 2276 Fruitur
1114 2247 1277 2285 promisso.
