<?xml version="1.0" encoding="UTF-8"?>
<!DOCTYPE html PUBLIC "-//W3C//DTD XHTML 1.0 Transitional//EN"
    "http://www.w3.org/TR/xhtml1/DTD/xhtml1-transitional.dtd">
<html xmlns="http://www.w3.org/1999/xhtml" xml:lang="en" lang="en">
 <head>
  <title>
</title>
<meta http-equiv="Content-Type" content="text/html;charset=utf-8" />
  <meta name='ocr-system' content='tesseract 3.04.00' />
  <meta name='ocr-capabilities' content='ocr_page ocr_carea ocr_par ocr_line ocrx_word'/>
</head>
<body>
  <div class='ocr_page' id='page_1' title='image "./analectahymnica13drevuoft_00077.png"; bbox 0 0 1656 2491; ppageno 0'>
   <div class='ocr_carea' id='block_1_1' title="bbox 754 94 979 128">
    <p class='ocr_par' dir='ltr' id='par_1_1' title="bbox 754 94 979 128">
     <span class='ocr_line' id='line_1_1' title="bbox 754 94 979 128; baseline -0.009 -9"><span class='ocrx_word' id='word_1_1' title='bbox 754 94 979 128; x_wconf 54' lang='lat'>„74-</span> 
     </span>
    </p>
   </div>
   <div class='ocr_carea' id='block_1_2' title="bbox 248 184 1509 451">
    <p class='ocr_par' dir='ltr' id='par_1_2' title="bbox 248 184 1509 451">
     <span class='ocr_line' id='line_1_2' title="bbox 301 184 1249 223; baseline -0.009 -1"><span class='ocrx_word' id='word_1_2' title='bbox 301 190 371 223; x_wconf 76' lang='lat' dir='ltr'>Non</span> <span class='ocrx_word' id='word_1_3' title='bbox 396 189 558 222; x_wconf 83' lang='lat' dir='ltr'>formidari</span> <span class='ocrx_word' id='word_1_4' title='bbox 906 187 937 218; x_wconf 87' lang='lat'>5.</span> <span class='ocrx_word' id='word_1_5' title='bbox 961 184 1011 216; x_wconf 90' lang='lat' dir='ltr'>En</span> <span class='ocrx_word' id='word_1_6' title='bbox 1035 186 1125 223; x_wconf 82' lang='lat' dir='ltr'>pater</span> <span class='ocrx_word' id='word_1_7' title='bbox 1150 184 1249 214; x_wconf 89' lang='lat' dir='ltr'>elatus</span> 
     </span>
     <span class='ocr_line' id='line_1_3' title="bbox 348 228 1425 275; baseline -0.009 -7"><span class='ocrx_word' id='word_1_8' title='bbox 348 237 405 267; x_wconf 82' lang='lat' dir='ltr'>sed</span> <span class='ocrx_word' id='word_1_9' title='bbox 431 237 502 275; x_wconf 76' lang='lat' dir='ltr'>plus</span> <span class='ocrx_word' id='word_1_10' title='bbox 526 236 677 275; x_wconf 75' lang='lat' dir='ltr'>quaesivit</span> <span class='ocrx_word' id='word_1_11' title='bbox 699 232 796 265; x_wconf 68' lang='lat' dir='ltr'>amari</span> <span class='ocrx_word' id='word_1_12' title='bbox 1010 230 1089 261; x_wconf 82' lang='lat' dir='ltr'>coeli</span> <span class='ocrx_word' id='word_1_13' title='bbox 1111 237 1205 267; x_wconf 80' lang='lat' dir='ltr'>super</span> <span class='ocrx_word' id='word_1_14' title='bbox 1228 229 1294 259; x_wconf 86' lang='lat' dir='ltr'>alta</span> <span class='ocrx_word' id='word_1_15' title='bbox 1317 228 1425 259; x_wconf 85' lang='lat' dir='ltr'>beatus</span> 
     </span>
     <span class='ocr_line' id='line_1_4' title="bbox 303 274 1335 321; baseline -0.009 -8"><span class='ocrx_word' id='word_1_16' title='bbox 303 282 346 315; x_wconf 86' lang='lat' dir='ltr'>Et</span> <span class='ocrx_word' id='word_1_17' title='bbox 370 290 443 313; x_wconf 82' lang='lat' dir='ltr'>eura</span> <span class='ocrx_word' id='word_1_18' title='bbox 466 282 551 321; x_wconf 77' lang='lat' dir='ltr'>vigili</span> <span class='ocrx_word' id='word_1_19' title='bbox 965 275 1089 307; x_wconf 78' lang='lat' dir='ltr'>Gaudet</span> <span class='ocrx_word' id='word_1_20' title='bbox 1112 284 1181 306; x_wconf 88' lang='lat' dir='ltr'>cum</span> <span class='ocrx_word' id='word_1_21' title='bbox 1203 274 1335 306; x_wconf 90' lang='lat' dir='ltr'>Domino</span> 
     </span>
     <span class='ocr_line' id='line_1_5' title="bbox 352 319 1509 365; baseline -0.008 -7"><span class='ocrx_word' id='word_1_22' title='bbox 352 328 437 359; x_wconf 77' lang='lat' dir='ltr'>deice</span> <span class='ocrx_word' id='word_1_23' title='bbox 461 326 619 365; x_wconf 70' lang='lat' dir='ltr'>praesedit</span> <span class='ocrx_word' id='word_1_24' title='bbox 641 325 724 357; x_wconf 90' lang='lat' dir='ltr'>ovili.</span> <span class='ocrx_word' id='word_1_25' title='bbox 1009 323 1076 352; x_wconf 90' lang='lat' dir='ltr'>sine</span> <span class='ocrx_word' id='word_1_26' title='bbox 1102 321 1233 352; x_wconf 88' lang='lat' dir='ltr'>termino</span> <span class='ocrx_word' id='word_1_27' title='bbox 1258 320 1406 358; x_wconf 87' lang='lat' dir='ltr'>temporis</span> <span class='ocrx_word' id='word_1_28' title='bbox 1431 319 1509 359; x_wconf 91' lang='lat' dir='ltr'>ullo⁷</span> 
     </span>
     <span class='ocr_line' id='line_1_6' title="bbox 964 366 1309 407; baseline -0.009 -8"><span class='ocrx_word' id='word_1_29' title='bbox 964 367 1062 399; x_wconf 86' lang='lat' dir='ltr'>Audit</span> <span class='ocrx_word' id='word_1_30' title='bbox 1089 369 1121 397; x_wconf 81' lang='lat' dir='ltr'>et</span> <span class='ocrx_word' id='word_1_31' title='bbox 1145 375 1182 397; x_wconf 83' lang='lat' dir='ltr'>ex</span> <span class='ocrx_word' id='word_1_32' title='bbox 1206 366 1309 407; x_wconf 85' lang='lat' dir='ltr'>astris,</span> 
     </span>
     <span class='ocr_line' id='line_1_7' title="bbox 248 404 1509 451; baseline -0.006 -1"><span class='ocrx_word' id='word_1_33' title='bbox 248 407 278 439; x_wconf 82' lang='lat'>3·</span> <span class='ocrx_word' id='word_1_34' title='bbox 303 404 407 436; x_wconf 67' lang='lat' dir='ltr'>Fortis</span> <span class='ocrx_word' id='word_1_35' title='bbox 432 404 579 442; x_wconf 61' lang='lat' dir='ltr'>agonism’</span> <span class='ocrx_word' id='word_1_36' title='bbox 1011 413 1063 451; x_wconf 89' lang='lat' dir='ltr'>qui</span> <span class='ocrx_word' id='word_1_37' title='bbox 1087 421 1121 443; x_wconf 90' lang='lat' dir='ltr'>se</span> <span class='ocrx_word' id='word_1_38' title='bbox 1145 415 1332 444; x_wconf 84' lang='lat' dir='ltr'>venerantur</span> <span class='ocrx_word' id='word_1_39' title='bbox 1355 411 1387 442; x_wconf 90' lang='lat' dir='ltr'>in</span> <span class='ocrx_word' id='word_1_40' title='bbox 1413 411 1509 444; x_wconf 78' lang='lat' dir='ltr'>arvis,</span> 
     </span>
    </p>
   </div>
   <div class='ocr_carea' id='block_1_3' title="bbox 300 446 841 669">
    <p class='ocr_par' dir='ltr' id='par_1_3' title="bbox 304 446 841 526">
     <span class='ocr_line' id='line_1_8' title="bbox 350 446 841 485; baseline -0.008 -5"><span class='ocrx_word' id='word_1_41' title='bbox 350 450 421 480; x_wconf 87' lang='lat' dir='ltr'>dum</span> <span class='ocrx_word' id='word_1_42' title='bbox 447 457 538 479; x_wconf 83' lang='lat' dir='ltr'>carne</span> <span class='ocrx_word' id='word_1_43' title='bbox 561 447 706 479; x_wconf 83' lang='lat' dir='ltr'>manebat</span> <span class='ocrx_word' id='word_1_44' title='bbox 725 448 755 477; x_wconf 91' lang='lat' dir='ltr'>in</span> <span class='ocrx_word' id='word_1_45' title='bbox 771 446 841 485; x_wconf 89' lang='lat' dir='ltr'>ista,</span> 
     </span>
     <span class='ocr_line' id='line_1_9' title="bbox 304 493 636 526; baseline -0.006 -1"><span class='ocrx_word' id='word_1_46' title='bbox 304 495 436 526; x_wconf 82' lang='lat' dir='ltr'>Pulcher</span> <span class='ocrx_word' id='word_1_47' title='bbox 460 497 527 524; x_wconf 81' lang='lat' dir='ltr'>erat</span> <span class='ocrx_word' id='word_1_48' title='bbox 550 493 636 524; x_wconf 86' lang='lat' dir='ltr'>vultu</span> 
     </span>
    </p>

    <p class='ocr_par' dir='ltr' id='par_1_4' title="bbox 300 539 791 623">
     <span class='ocr_line' id='line_1_10' title="bbox 349 539 791 577; baseline -0.002 -8"><span class='ocrx_word' id='word_1_49' title='bbox 349 539 469 570; x_wconf 88' lang='lat' dir='ltr'>virtutis</span> <span class='ocrx_word' id='word_1_50' title='bbox 494 542 525 569; x_wconf 90' lang='lat' dir='ltr'>et</span> <span class='ocrx_word' id='word_1_51' title='bbox 548 539 683 577; x_wconf 89' lang='lat' dir='ltr'>undique</span> <span class='ocrx_word' id='word_1_52' title='bbox 707 539 791 569; x_wconf 81' lang='lat' dir='ltr'>cultu</span> 
     </span>
     <span class='ocr_line' id='line_1_11' title="bbox 300 584 658 623; baseline -0.006 -7"><span class='ocrx_word' id='word_1_53' title='bbox 300 585 431 617; x_wconf 81' lang='lat' dir='ltr'>Actibus</span> <span class='ocrx_word' id='word_1_54' title='bbox 455 587 547 623; x_wconf 86' lang='lat' dir='ltr'>atque</span> <span class='ocrx_word' id='word_1_55' title='bbox 570 584 658 615; x_wconf 91' lang='lat' dir='ltr'>bonis</span> 
     </span>
    </p>

    <p class='ocr_par' dir='ltr' id='par_1_5' title="bbox 348 628 819 669">
     <span class='ocr_line' id='line_1_12' title="bbox 348 628 819 669; baseline -0.004 -9"><span class='ocrx_word' id='word_1_56' title='bbox 348 630 433 661; x_wconf 83' lang='lat' dir='ltr'>trivit</span> <span class='ocrx_word' id='word_1_57' title='bbox 459 633 550 669; x_wconf 84' lang='lat' dir='ltr'>eaput</span> <span class='ocrx_word' id='word_1_58' title='bbox 574 630 642 668; x_wconf 88' lang='lat' dir='ltr'>ipse</span> <span class='ocrx_word' id='word_1_59' title='bbox 667 628 819 660; x_wconf 86' lang='lat' dir='ltr'>draconis.</span> 
     </span>
    </p>
   </div>
   <div class='ocr_carea' id='block_1_4' title="bbox 898 474 1492 691">
    <p class='ocr_par' dir='ltr' id='par_1_6' title="bbox 898 474 1492 691">
     <span class='ocr_line' id='line_1_13' title="bbox 1083 474 1326 502; baseline -0.008 0"><span class='ocrx_word' id='word_1_60' title='bbox 1083 476 1127 502; x_wconf 80' lang='lat' dir='ltr'>Ad</span> <span class='ocrx_word' id='word_1_61' title='bbox 1147 474 1326 502; x_wconf 79' lang='lat' dir='ltr'>Benedictus.</span> 
     </span>
     <span class='ocr_line' id='line_1_14' title="bbox 898 521 1251 555; baseline -0.006 -1"><span class='ocrx_word' id='word_1_62' title='bbox 898 523 938 555; x_wconf 88' lang='lat' dir='ltr'>A.</span> <span class='ocrx_word' id='word_1_63' title='bbox 965 522 1133 553; x_wconf 80' lang='lat' dir='ltr'>Coelicolas</span> <span class='ocrx_word' id='word_1_64' title='bbox 1159 521 1251 553; x_wconf 89' lang='lat' dir='ltr'>hodie</span> 
     </span>
     <span class='ocr_line' id='line_1_15' title="bbox 1010 567 1460 605; baseline 0 -7"><span class='ocrx_word' id='word_1_65' title='bbox 1010 569 1124 598; x_wconf 75' lang='lat' dir='ltr'>meruit,</span> <span class='ocrx_word' id='word_1_66' title='bbox 1147 567 1337 605; x_wconf 85' lang='lat' dir='ltr'>Bertulphus</span> <span class='ocrx_word' id='word_1_67' title='bbox 1362 567 1460 604; x_wconf 87' lang='lat' dir='ltr'>adire,</span> 
     </span>
     <span class='ocr_line' id='line_1_16' title="bbox 964 613 1278 645; baseline -0.003 -1"><span class='ocrx_word' id='word_1_68' title='bbox 964 614 1000 644; x_wconf 92' lang='lat' dir='ltr'>In</span> <span class='ocrx_word' id='word_1_69' title='bbox 1025 613 1141 645; x_wconf 82' lang='lat' dir='ltr'>Christi</span> <span class='ocrx_word' id='word_1_70' title='bbox 1167 614 1278 644; x_wconf 81' lang='lat' dir='ltr'>dextra</span> 
     </span>
     <span class='ocr_line' id='line_1_17' title="bbox 1012 658 1492 691; baseline 0.002 -1"><span class='ocrx_word' id='word_1_71' title='bbox 1012 668 1067 690; x_wconf 83' lang='lat' dir='ltr'>ceu</span> <span class='ocrx_word' id='word_1_72' title='bbox 1091 659 1183 690; x_wconf 79' lang='lat' dir='ltr'>stella</span> <span class='ocrx_word' id='word_1_73' title='bbox 1204 658 1306 690; x_wconf 84' lang='lat' dir='ltr'>nitens</span> <span class='ocrx_word' id='word_1_74' title='bbox 1329 658 1492 691; x_wconf 85' lang='lat' dir='ltr'>matutina.</span> 
     </span>
    </p>
   </div>
   <div class='ocr_carea' id='block_1_5' title="bbox 248 705 1512 973">
    <p class='ocr_par' dir='ltr' id='par_1_7' title="bbox 248 705 1512 973">
     <span class='ocr_line' id='line_1_18' title="bbox 248 705 1248 746; baseline -0.005 -6"><span class='ocrx_word' id='word_1_75' title='bbox 248 710 280 741; x_wconf 81' lang='lat'>4.</span> <span class='ocrx_word' id='word_1_76' title='bbox 303 709 335 739; x_wconf 86' lang='lat' dir='ltr'>Is</span> <span class='ocrx_word' id='word_1_77' title='bbox 358 707 411 738; x_wconf 90' lang='lat' dir='ltr'>ubi</span> <span class='ocrx_word' id='word_1_78' title='bbox 432 708 496 745; x_wconf 86' lang='lat' dir='ltr'>jam</span> <span class='ocrx_word' id='word_1_79' title='bbox 519 707 622 746; x_wconf 83' lang='lat' dir='ltr'>sciret,</span> <span class='ocrx_word' id='word_1_80' title='bbox 964 705 1113 737; x_wconf 83' lang='lat' dir='ltr'>Goelestis</span> <span class='ocrx_word' id='word_1_81' title='bbox 1138 705 1248 736; x_wconf 86' lang='lat' dir='ltr'>valvae</span> 
     </span>
     <span class='ocr_line' id='line_1_19' title="bbox 351 750 1512 791; baseline -0.002 -8"><span class='ocrx_word' id='word_1_82' title='bbox 351 753 422 791; x_wconf 87' lang='lat' dir='ltr'>quia</span> <span class='ocrx_word' id='word_1_83' title='bbox 446 754 536 783; x_wconf 86' lang='lat' dir='ltr'>finem</span> <span class='ocrx_word' id='word_1_84' title='bbox 562 752 662 783; x_wconf 83' lang='lat' dir='ltr'>earnis</span> <span class='ocrx_word' id='word_1_85' title='bbox 687 752 796 786; x_wconf 70' lang='lat' dir='ltr'>obiret,</span> <span class='ocrx_word' id='word_1_86' title='bbox 1011 759 1093 781; x_wconf 86' lang='lat' dir='ltr'>nunc</span> <span class='ocrx_word' id='word_1_87' title='bbox 1108 750 1263 789; x_wconf 83' lang='lat' dir='ltr'>praecluis</span> <span class='ocrx_word' id='word_1_88' title='bbox 1278 750 1390 789; x_wconf 82' lang='lat' dir='ltr'>incola,</span> <span class='ocrx_word' id='word_1_89' title='bbox 1412 751 1512 789; x_wconf 73' lang='lat' dir='ltr'>salve,</span> 
     </span>
     <span class='ocr_line' id='line_1_20' title="bbox 305 796 1279 836; baseline -0.005 -5"><span class='ocrx_word' id='word_1_90' title='bbox 305 798 426 831; x_wconf 82' lang='lat' dir='ltr'>Divinis</span> <span class='ocrx_word' id='word_1_91' title='bbox 451 798 548 836; x_wconf 88' lang='lat' dir='ltr'>epulis</span> <span class='ocrx_word' id='word_1_92' title='bbox 966 796 1074 828; x_wconf 86' lang='lat' dir='ltr'>Mente</span> <span class='ocrx_word' id='word_1_93' title='bbox 1097 796 1188 827; x_wconf 91' lang='lat' dir='ltr'>simul</span> <span class='ocrx_word' id='word_1_94' title='bbox 1212 798 1279 826; x_wconf 88' lang='lat' dir='ltr'>tota</span> 
     </span>
     <span class='ocr_line' id='line_1_21' title="bbox 351 841 1512 881; baseline -0.001 -7"><span class='ocrx_word' id='word_1_95' title='bbox 351 843 518 874; x_wconf 84' lang='lat' dir='ltr'>obdulcans</span> <span class='ocrx_word' id='word_1_96' title='bbox 541 844 651 874; x_wconf 84' lang='lat' dir='ltr'>intima</span> <span class='ocrx_word' id='word_1_97' title='bbox 676 843 787 881; x_wconf 82' lang='lat' dir='ltr'>cordis,</span> <span class='ocrx_word' id='word_1_98' title='bbox 1012 850 1091 881; x_wconf 87' lang='lat' dir='ltr'>quae</span> <span class='ocrx_word' id='word_1_99' title='bbox 1111 841 1278 879; x_wconf 78' lang='lat' dir='ltr'>fundimus,</span> <span class='ocrx_word' id='word_1_100' title='bbox 1304 841 1411 880; x_wconf 82' lang='lat' dir='ltr'>accipe</span> <span class='ocrx_word' id='word_1_101' title='bbox 1427 844 1512 881; x_wconf 77' lang='lat' dir='ltr'>vota,</span> 
     </span>
     <span class='ocr_line' id='line_1_22' title="bbox 307 887 1276 928; baseline -0.003 -7"><span class='ocrx_word' id='word_1_102' title='bbox 307 889 442 927; x_wconf 85' lang='lat' dir='ltr'>Corpore</span> <span class='ocrx_word' id='word_1_103' title='bbox 463 889 616 928; x_wconf 83' lang='lat' dir='ltr'>transivit,</span> <span class='ocrx_word' id='word_1_104' title='bbox 966 887 1010 919; x_wconf 77' lang='lat' dir='ltr'>Ut</span> <span class='ocrx_word' id='word_1_105' title='bbox 1031 891 1157 919; x_wconf 84' lang='lat' dir='ltr'>sanctae</span> <span class='ocrx_word' id='word_1_106' title='bbox 1180 887 1276 919; x_wconf 87' lang='lat' dir='ltr'>triadi</span> 
     </span>
     <span class='ocr_line' id='line_1_23' title="bbox 354 933 1457 973; baseline -0.001 -7"><span class='ocrx_word' id='word_1_107' title='bbox 354 934 507 966; x_wconf 84' lang='lat' dir='ltr'>Christum</span> <span class='ocrx_word' id='word_1_108' title='bbox 531 935 700 973; x_wconf 81' lang='lat' dir='ltr'>gaudenter</span> <span class='ocrx_word' id='word_1_109' title='bbox 724 933 832 966; x_wconf 83' lang='lat' dir='ltr'>adivit.</span> <span class='ocrx_word' id='word_1_110' title='bbox 1011 942 1067 964; x_wconf 89' lang='lat' dir='ltr'>nos</span> <span class='ocrx_word' id='word_1_111' title='bbox 1093 934 1299 971; x_wconf 83' lang='lat' dir='ltr'>eoneiliesque</span> <span class='ocrx_word' id='word_1_112' title='bbox 1322 934 1457 966; x_wconf 87' lang='lat' dir='ltr'>monadi.</span> 
     </span>
    </p>
   </div>
   <div class='ocr_carea' id='block_1_6' title="bbox 237 994 1510 1104">
    <p class='ocr_par' dir='ltr' id='par_1_8' title="bbox 237 994 1510 1104">
     <span class='ocr_line' id='line_1_24' title="bbox 314 994 1510 1025; baseline -0.002 0"><span class='ocrx_word' id='word_1_113' title='bbox 314 997 396 1025; x_wconf 85' lang='lat' dir='ltr'>Brev.</span> <span class='ocrx_word' id='word_1_114' title='bbox 422 1006 473 1023; x_wconf 54' lang='lat' dir='ltr'>mn.</span> <span class='ocrx_word' id='word_1_115' title='bbox 499 997 703 1024; x_wconf 83' lang='lat' dir='ltr'>Blandiniense</span> <span class='ocrx_word' id='word_1_116' title='bbox 726 1004 799 1024; x_wconf 74' lang='lat' dir='ltr'>saeo.</span> <span class='ocrx_word' id='word_1_117' title='bbox 826 994 869 1023; x_wconf 89' lang='lat'>14.</span> <span class='ocrx_word' id='word_1_118' title='bbox 906 996 973 1023; x_wconf 82' lang='lat' dir='ltr'>Cod.</span> <span class='ocrx_word' id='word_1_119' title='bbox 999 996 1158 1023; x_wconf 85' lang='lat' dir='ltr'>Londinen.</span> <span class='ocrx_word' id='word_1_120' title='bbox 1184 995 1255 1023; x_wconf 83' lang='lat' dir='ltr'>Add.</span> <span class='ocrx_word' id='word_1_121' title='bbox 1279 994 1385 1023; x_wconf 82' lang='lat'>29253.</span> <span class='ocrx_word' id='word_1_122' title='bbox 1413 1012 1451 1016; x_wconf 89' lang='lat'>—</span> <span class='ocrx_word' id='word_1_123' title='bbox 1475 997 1510 1023; x_wconf 84' lang='lat' dir='ltr'>In</span> 
     </span>
     <span class='ocr_line' id='line_1_25' title="bbox 237 1032 1510 1069; baseline -0.001 -7"><span class='ocrx_word' id='word_1_124' title='bbox 237 1034 317 1069; x_wconf 82' lang='lat' dir='ltr'>jeder</span> <span class='ocrx_word' id='word_1_125' title='bbox 335 1034 462 1060; x_wconf 70' lang='lat' dir='ltr'>Noenu-n</span> <span class='ocrx_word' id='word_1_126' title='bbox 484 1042 538 1060; x_wconf 85' lang='lat' dir='ltr'>nur</span> <span class='ocrx_word' id='word_1_127' title='bbox 564 1035 609 1060; x_wconf 89' lang='lat' dir='ltr'>ein</span> <span class='ocrx_word' id='word_1_128' title='bbox 634 1032 663 1060; x_wconf 80' lang='lat' dir='ltr'>R.</span> <span class='ocrx_word' id='word_1_129' title='bbox 689 1035 720 1060; x_wconf 86' lang='lat' dir='ltr'>in</span> <span class='ocrx_word' id='word_1_130' title='bbox 738 1034 859 1067; x_wconf 77' lang='lat' dir='ltr'>Vei-sen,</span> <span class='ocrx_word' id='word_1_131' title='bbox 889 1032 935 1059; x_wconf 82' lang='lat' dir='ltr'>die</span> <span class='ocrx_word' id='word_1_132' title='bbox 957 1033 1078 1068; x_wconf 80' lang='lat' dir='ltr'>iibrigen</span> <span class='ocrx_word' id='word_1_133' title='bbox 1104 1034 1135 1060; x_wconf 91' lang='lat' dir='ltr'>in</span> <span class='ocrx_word' id='word_1_134' title='bbox 1154 1034 1324 1067; x_wconf 82' lang='lat' dir='ltr'>Reimprosa</span> <span class='ocrx_word' id='word_1_135' title='bbox 1347 1033 1441 1067; x_wconf 83' lang='lat' dir='ltr'>gleieh</span> <span class='ocrx_word' id='word_1_136' title='bbox 1461 1034 1510 1061; x_wconf 85' lang='lat' dir='ltr'>der</span> 
     </span>
     <span class='ocr_line' id='line_1_26' title="bbox 241 1069 509 1104; baseline -0.007 -6"><span class='ocrx_word' id='word_1_137' title='bbox 241 1070 264 1098; x_wconf 90' lang='grc' dir='ltr'>Α</span> <span class='ocrx_word' id='word_1_138' title='bbox 285 1071 321 1098; x_wconf 85' lang='lat' dir='ltr'>ad</span> <span class='ocrx_word' id='word_1_139' title='bbox 338 1069 509 1104; x_wconf 75' lang='lat' dir='ltr'>Magnificat.</span> 
     </span>
    </p>
   </div>
   <div class='ocr_carea' id='block_1_7' title="bbox 670 1139 1077 1171">
    <p class='ocr_par' dir='ltr' id='par_1_9' title="bbox 670 1139 1077 1171">
     <span class='ocr_line' id='line_1_27' title="bbox 670 1139 1077 1171; baseline 0 -1"><span class='ocrx_word' id='word_1_140' title='bbox 670 1141 715 1171; x_wconf 83' lang='lat'>26.</span> <span class='ocrx_word' id='word_1_141' title='bbox 753 1140 795 1171; x_wconf 87' lang='lat' dir='ltr'>De</span> <span class='ocrx_word' id='word_1_142' title='bbox 814 1140 920 1171; x_wconf 80' lang='lat' dir='ltr'>sancta</span> <span class='ocrx_word' id='word_1_143' title='bbox 937 1139 1077 1171; x_wconf 84' lang='lat' dir='ltr'>Bilhilde.</span> 
     </span>
    </p>
   </div>
   <div class='ocr_carea' id='block_1_8' title="bbox 381 1208 1515 1468">
    <p class='ocr_par' dir='ltr' id='par_1_10' title="bbox 381 1208 1515 1301">
     <span class='ocr_line' id='line_1_28' title="bbox 381 1208 1515 1247; baseline 0.002 -9"><span class='ocrx_word' id='word_1_144' title='bbox 381 1208 425 1238; x_wconf 89' lang='lat' dir='ltr'>In</span> <span class='ocrx_word' id='word_1_145' title='bbox 452 1209 481 1241; x_wconf 87' lang='lat'>1.</span> <span class='ocrx_word' id='word_1_146' title='bbox 508 1209 714 1247; x_wconf 79' lang='lat' dir='ltr'>Vesperis.</span> <span class='ocrx_word' id='word_1_147' title='bbox 967 1208 1008 1239; x_wconf 90' lang='lat' dir='ltr'>Ei</span> <span class='ocrx_word' id='word_1_148' title='bbox 1032 1209 1165 1246; x_wconf 83' lang='lat' dir='ltr'>gratuito</span> <span class='ocrx_word' id='word_1_149' title='bbox 1185 1208 1369 1247; x_wconf 81' lang='lat' dir='ltr'>praestitisti</span> <span class='ocrx_word' id='word_1_150' title='bbox 1385 1217 1515 1240; x_wconf 88' lang='lat' dir='ltr'>munere</span> 
     </span>
     <span class='ocr_line' id='line_1_29' title="bbox 450 1253 1439 1301; baseline 0.003 -19"><span class='ocrx_word' id='word_1_151' title='bbox 450 1267 639 1301; x_wconf 83' lang='lat' dir='ltr'>Antiphonae.</span> <span class='ocrx_word' id='word_1_152' title='bbox 971 1253 1134 1284; x_wconf 85' lang='lat' dir='ltr'>candidam</span> <span class='ocrx_word' id='word_1_153' title='bbox 1157 1253 1304 1292; x_wconf 85' lang='lat' dir='ltr'>baptismi</span> <span class='ocrx_word' id='word_1_154' title='bbox 1328 1255 1439 1285; x_wconf 88' lang='lat' dir='ltr'>stolam</span> 
     </span>
    </p>

    <p class='ocr_par' dir='ltr' id='par_1_11' title="bbox 969 1298 1311 1330">
     <span class='ocr_line' id='line_1_30' title="bbox 969 1298 1311 1330; baseline 0.003 -1"><span class='ocrx_word' id='word_1_155' title='bbox 969 1301 1041 1330; x_wconf 88' lang='lat' dir='ltr'>ante</span> <span class='ocrx_word' id='word_1_156' title='bbox 1063 1302 1149 1330; x_wconf 80' lang='lat' dir='ltr'>tuum</span> <span class='ocrx_word' id='word_1_157' title='bbox 1173 1298 1311 1330; x_wconf 85' lang='lat' dir='ltr'>tribunal</span> 
     </span>
    </p>

    <p class='ocr_par' dir='ltr' id='par_1_12' title="bbox 967 1344 1370 1384">
     <span class='ocr_line' id='line_1_31' title="bbox 967 1344 1370 1384; baseline 0.002 -9"><span class='ocrx_word' id='word_1_158' title='bbox 967 1345 1195 1376; x_wconf 78' lang='lat' dir='ltr'>immaculatam</span> <span class='ocrx_word' id='word_1_159' title='bbox 1218 1344 1370 1384; x_wconf 84' lang='lat' dir='ltr'>perferre,</span> 
     </span>
    </p>

    <p class='ocr_par' dir='ltr' id='par_1_13' title="bbox 967 1390 1389 1422">
     <span class='ocr_line' id='line_1_32' title="bbox 967 1390 1389 1422; baseline 0 0"><span class='ocrx_word' id='word_1_160' title='bbox 967 1390 1012 1422; x_wconf 86' lang='lat' dir='ltr'>Ut</span> <span class='ocrx_word' id='word_1_161' title='bbox 1035 1393 1191 1422; x_wconf 84' lang='lat' dir='ltr'>aeternam</span> <span class='ocrx_word' id='word_1_162' title='bbox 1216 1399 1389 1422; x_wconf 84' lang='lat' dir='ltr'>mereamur</span> 
     </span>
    </p>

    <p class='ocr_par' dir='ltr' id='par_1_14' title="bbox 968 1436 1386 1468">
     <span class='ocr_line' id='line_1_33' title="bbox 968 1436 1386 1468; baseline 0.002 -2"><span class='ocrx_word' id='word_1_163' title='bbox 968 1436 1002 1466; x_wconf 88' lang='lat' dir='ltr'>in</span> <span class='ocrx_word' id='word_1_164' title='bbox 1027 1436 1119 1467; x_wconf 87' lang='lat' dir='ltr'>coelis</span> <span class='ocrx_word' id='word_1_165' title='bbox 1143 1437 1236 1468; x_wconf 83' lang='lat' dir='ltr'>vitam</span> <span class='ocrx_word' id='word_1_166' title='bbox 1261 1437 1386 1468; x_wconf 84' lang='lat' dir='ltr'>habere.</span> 
     </span>
    </p>
   </div>
   <div class='ocr_carea' id='block_1_9' title="bbox 251 1318 818 1546">
    <p class='ocr_par' dir='ltr' id='par_1_15' title="bbox 254 1318 818 1492">
     <span class='ocr_line' id='line_1_34' title="bbox 254 1318 724 1356; baseline -0.002 -7"><span class='ocrx_word' id='word_1_167' title='bbox 254 1319 283 1349; x_wconf 93' lang='lat'>1.</span> <span class='ocrx_word' id='word_1_168' title='bbox 308 1318 385 1354; x_wconf 78' lang='lat' dir='ltr'>Ave,</span> <span class='ocrx_word' id='word_1_169' title='bbox 410 1325 529 1355; x_wconf 87' lang='lat' dir='ltr'>gemma</span> <span class='ocrx_word' id='word_1_170' title='bbox 552 1318 724 1356; x_wconf 87' lang='lat' dir='ltr'>mulierum,</span> 
     </span>
     <span class='ocr_line' id='line_1_35' title="bbox 308 1362 818 1404; baseline -0.002 -11"><span class='ocrx_word' id='word_1_171' title='bbox 308 1362 411 1393; x_wconf 85' lang='lat' dir='ltr'>Radix</span> <span class='ocrx_word' id='word_1_172' title='bbox 435 1366 551 1404; x_wconf 77' lang='lat' dir='ltr'>saneta,</span> <span class='ocrx_word' id='word_1_173' title='bbox 576 1371 680 1394; x_wconf 85' lang='lat' dir='ltr'>semen</span> <span class='ocrx_word' id='word_1_174' title='bbox 702 1372 818 1402; x_wconf 84' lang='lat' dir='ltr'>verum,</span> 
     </span>
     <span class='ocr_line' id='line_1_36' title="bbox 307 1408 783 1446; baseline 0 -7"><span class='ocrx_word' id='word_1_175' title='bbox 307 1408 421 1445; x_wconf 84' lang='lat' dir='ltr'>FavuS,</span> <span class='ocrx_word' id='word_1_176' title='bbox 446 1417 515 1446; x_wconf 91' lang='lat' dir='ltr'>uva,</span> <span class='ocrx_word' id='word_1_177' title='bbox 542 1408 650 1439; x_wconf 82' lang='lat' dir='ltr'>dulcor</span> <span class='ocrx_word' id='word_1_178' title='bbox 672 1410 783 1446; x_wconf 85' lang='lat' dir='ltr'>mellis,</span> 
     </span>
     <span class='ocr_line' id='line_1_37' title="bbox 306 1452 727 1492; baseline 0 -7"><span class='ocrx_word' id='word_1_179' title='bbox 306 1452 473 1485; x_wconf 83' lang='lat' dir='ltr'>Universas</span> <span class='ocrx_word' id='word_1_180' title='bbox 497 1456 531 1483; x_wconf 90' lang='lat' dir='ltr'>tu</span> <span class='ocrx_word' id='word_1_181' title='bbox 554 1455 727 1492; x_wconf 80' lang='lat' dir='ltr'>praecellis.</span> 
     </span>
    </p>

    <p class='ocr_par' dir='ltr' id='par_1_16' title="bbox 251 1507 673 1546">
     <span class='ocr_line' id='line_1_38' title="bbox 251 1507 673 1546; baseline 0 -7"><span class='ocrx_word' id='word_1_182' title='bbox 251 1509 280 1539; x_wconf 88' lang='lat'>2.</span> <span class='ocrx_word' id='word_1_183' title='bbox 306 1507 451 1539; x_wconf 88' lang='lat' dir='ltr'>Bilhildis</span> <span class='ocrx_word' id='word_1_184' title='bbox 475 1508 536 1546; x_wconf 84' lang='lat' dir='ltr'>pia,</span> <span class='ocrx_word' id='word_1_185' title='bbox 561 1508 673 1539; x_wconf 88' lang='lat' dir='ltr'>nobilis</span> 
     </span>
    </p>
   </div>
   <div class='ocr_carea' id='block_1_10' title="bbox 307 1528 1375 1592">
    <p class='ocr_par' dir='ltr' id='par_1_17' title="bbox 307 1528 1375 1592">
     <span class='ocr_line' id='line_1_39' title="bbox 307 1528 1375 1592; baseline -0.001 -8"><span class='ocrx_word' id='word_1_186' title='bbox 307 1552 350 1584; x_wconf 79' lang='lat' dir='ltr'>Et</span> <span class='ocrx_word' id='word_1_187' title='bbox 372 1553 485 1592; x_wconf 79' lang='lat' dir='ltr'>regalis</span> <span class='ocrx_word' id='word_1_188' title='bbox 510 1553 635 1591; x_wconf 76' lang='lat' dir='ltr'>sobolis,</span> <span class='ocrx_word' id='word_1_189' title='bbox 1036 1528 1094 1559; x_wconf 73' lang='lat' dir='ltr'>Ad</span> <span class='ocrx_word' id='word_1_190' title='bbox 1117 1528 1375 1561; x_wconf 52' lang='lat' dir='ltr'><strong>Matumnum&#39;</strong></span> 
     </span>
    </p>
   </div>
   <div class='ocr_carea' id='block_1_11' title="bbox 237 1591 1512 2270">
    <p class='ocr_par' dir='ltr' id='par_1_18' title="bbox 237 1591 1512 2270">
     <span class='ocr_line' id='line_1_40' title="bbox 309 1591 1309 1641; baseline 0.008 -12"><span class='ocrx_word' id='word_1_191' title='bbox 309 1598 384 1629; x_wconf 77' lang='lat' dir='ltr'>Loci</span> <span class='ocrx_word' id='word_1_192' title='bbox 408 1599 506 1629; x_wconf 80' lang='lat' dir='ltr'>sancti</span> <span class='ocrx_word' id='word_1_193' title='bbox 528 1600 680 1641; x_wconf 86' lang='lat' dir='ltr'>monialis,</span> <span class='ocrx_word' id='word_1_194' title='bbox 1100 1591 1309 1618; x_wconf 77' lang='lat' dir='ltr'>Invitatorium.</span> 
     </span>
     <span class='ocr_line' id='line_1_41' title="bbox 309 1644 1512 1685; baseline 0.004 -9"><span class='ocrx_word' id='word_1_195' title='bbox 309 1644 402 1681; x_wconf 86' lang='lat' dir='ltr'>Cujus</span> <span class='ocrx_word' id='word_1_196' title='bbox 425 1644 508 1675; x_wconf 88' lang='lat' dir='ltr'>idem</span> <span class='ocrx_word' id='word_1_197' title='bbox 532 1648 595 1675; x_wconf 82' lang='lat' dir='ltr'>stat</span> <span class='ocrx_word' id='word_1_198' title='bbox 617 1646 673 1676; x_wconf 89' lang='lat' dir='ltr'>sub</span> <span class='ocrx_word' id='word_1_199' title='bbox 698 1647 765 1677; x_wconf 90' lang='lat' dir='ltr'>alis.</span> <span class='ocrx_word' id='word_1_200' title='bbox 968 1646 1130 1685; x_wconf 87' lang='lat' dir='ltr'>Templum</span> <span class='ocrx_word' id='word_1_201' title='bbox 1143 1650 1282 1678; x_wconf 81' lang='lat' dir='ltr'>sanctum</span> <span class='ocrx_word' id='word_1_202' title='bbox 1293 1648 1512 1681; x_wconf 82' lang='lat' dir='ltr'>hocintrantes</span> 
     </span>
     <span class='ocr_line' id='line_1_42' title="bbox 251 1692 1377 1738; baseline 0.011 -25"><span class='ocrx_word' id='word_1_203' title='bbox 251 1699 280 1732; x_wconf 47' lang='lat'>3·</span> <span class='ocrx_word' id='word_1_204' title='bbox 307 1698 496 1730; x_wconf 67' lang='lat' dir='ltr'>Francorum</span> <span class='ocrx_word' id='word_1_205' title='bbox 522 1700 561 1730; x_wconf 69' lang='lat' dir='ltr'>de</span> <span class='ocrx_word' id='word_1_206' title='bbox 583 1708 694 1738; x_wconf 66' lang='lat' dir='ltr'>genere</span> <span class='ocrx_word' id='word_1_207' title='bbox 968 1692 1013 1723; x_wconf 88' lang='lat' dir='ltr'>Te</span> <span class='ocrx_word' id='word_1_208' title='bbox 1036 1693 1068 1723; x_wconf 90' lang='lat' dir='ltr'>in</span> <span class='ocrx_word' id='word_1_209' title='bbox 1091 1693 1160 1731; x_wconf 89' lang='lat' dir='ltr'>ipso</span> <span class='ocrx_word' id='word_1_210' title='bbox 1185 1697 1377 1736; x_wconf 86' lang='lat' dir='ltr'>venerantes,</span> 
     </span>
     <span class='ocr_line' id='line_1_43' title="bbox 306 1737 1425 1777; baseline 0.012 -18"><span class='ocrx_word' id='word_1_211' title='bbox 306 1743 391 1775; x_wconf 68' lang='lat' dir='ltr'>Tafis</span> <span class='ocrx_word' id='word_1_212' title='bbox 415 1752 450 1775; x_wconf 67' lang='lat' dir='ltr'>re</span> <span class='ocrx_word' id='word_1_213' title='bbox 474 1747 504 1775; x_wconf 61' lang='lat' dir='ltr'>et</span> <span class='ocrx_word' id='word_1_214' title='bbox 527 1746 649 1776; x_wconf 69' lang='lat' dir='ltr'>nomine</span> <span class='ocrx_word' id='word_1_215' title='bbox 967 1737 1035 1769; x_wconf 84' lang='lat' dir='ltr'>Rex</span> <span class='ocrx_word' id='word_1_216' title='bbox 1059 1739 1121 1777; x_wconf 84' lang='lat' dir='ltr'>pie,</span> <span class='ocrx_word' id='word_1_217' title='bbox 1148 1739 1261 1771; x_wconf 82' lang='lat' dir='ltr'>exaudi</span> <span class='ocrx_word' id='word_1_218' title='bbox 1283 1740 1425 1773; x_wconf 88' lang='lat' dir='ltr'>Domine.</span> 
     </span>
     <span class='ocr_line' id='line_1_44' title="bbox 306 1788 611 1822; baseline 0.003 -1"><span class='ocrx_word' id='word_1_219' title='bbox 306 1788 483 1821; x_wconf 84' lang='lat' dir='ltr'>Affeotabat</span> <span class='ocrx_word' id='word_1_220' title='bbox 507 1791 611 1822; x_wconf 85' lang='lat' dir='ltr'>vivere</span> 
     </span>
     <span class='ocr_line' id='line_1_45' title="bbox 305 1830 1380 1869; baseline 0.01 -4"><span class='ocrx_word' id='word_1_221' title='bbox 305 1835 405 1866; x_wconf 82' lang='lat' dir='ltr'>Felici</span> <span class='ocrx_word' id='word_1_222' title='bbox 427 1836 483 1867; x_wconf 88' lang='lat' dir='ltr'>sub</span> <span class='ocrx_word' id='word_1_223' title='bbox 509 1837 618 1869; x_wconf 89' lang='lat' dir='ltr'>omine.</span> <span class='ocrx_word' id='word_1_224' title='bbox 1032 1830 1076 1861; x_wconf 71' lang='lat' dir='ltr'>1ss</span> <span class='ocrx_word' id='word_1_225' title='bbox 1103 1832 1132 1864; x_wconf 81' lang='lat'>1·</span> <span class='ocrx_word' id='word_1_226' title='bbox 1159 1831 1380 1864; x_wconf 64' lang='lat' dir='ltr'>Nocturno·</span> 
     </span>
     <span class='ocr_line' id='line_1_46' title="bbox 248 1891 1298 1929; baseline 0.008 -7"><span class='ocrx_word' id='word_1_227' title='bbox 248 1892 280 1922; x_wconf 81' lang='lat'>4.</span> <span class='ocrx_word' id='word_1_228' title='bbox 305 1891 392 1922; x_wconf 75' lang='lat' dir='ltr'>Haec.</span> <span class='ocrx_word' id='word_1_229' title='bbox 414 1891 447 1921; x_wconf 91' lang='lat' dir='ltr'>in</span> <span class='ocrx_word' id='word_1_230' title='bbox 471 1891 594 1922; x_wconf 81' lang='lat' dir='ltr'>laudem</span> <span class='ocrx_word' id='word_1_231' title='bbox 618 1893 782 1924; x_wconf 83' lang='lat' dir='ltr'>salvatoris</span> <span class='ocrx_word' id='word_1_232' title='bbox 1108 1894 1298 1929; x_wconf 77' lang='lat' dir='ltr'>Antiphonae.</span> 
     </span>
     <span class='ocr_line' id='line_1_47' title="bbox 305 1935 1235 1982; baseline 0.009 -15"><span class='ocrx_word' id='word_1_233' title='bbox 305 1935 466 1967; x_wconf 86' lang='lat' dir='ltr'>Universis</span> <span class='ocrx_word' id='word_1_234' title='bbox 490 1938 552 1968; x_wconf 91' lang='lat' dir='ltr'>suis</span> <span class='ocrx_word' id='word_1_235' title='bbox 577 1938 661 1969; x_wconf 86' lang='lat' dir='ltr'>horis</span> <span class='ocrx_word' id='word_1_236' title='bbox 910 1948 940 1980; x_wconf 74' lang='lat'>1¹</span> <span class='ocrx_word' id='word_1_237' title='bbox 967 1948 1065 1980; x_wconf 70' lang='lat' dir='ltr'>Beata</span> <span class='ocrx_word' id='word_1_238' title='bbox 1086 1950 1119 1980; x_wconf 74' lang='lat'>111</span> <span class='ocrx_word' id='word_1_239' title='bbox 1144 1950 1235 1982; x_wconf 71' lang='lat' dir='ltr'>trivio</span> 
     </span>
     <span class='ocr_line' id='line_1_48' title="bbox 304 1981 1359 2036; baseline 0.01 -18"><span class='ocrx_word' id='word_1_240' title='bbox 304 1981 466 2019; x_wconf 43' lang='lat' dir='ltr'>Expandi&amp;</span> <span class='ocrx_word' id='word_1_241' title='bbox 488 1983 570 2013; x_wconf 71' lang='lat' dir='ltr'>Vires</span> <span class='ocrx_word' id='word_1_242' title='bbox 595 1984 724 2036; x_wconf 83' lang='lat' dir='ltr'>animae,</span> <span class='ocrx_word' id='word_1_243' title='bbox 1012 1994 1098 2035; x_wconf 72' lang='lat' dir='ltr'>Jens,</span> <span class='ocrx_word' id='word_1_244' title='bbox 1122 1997 1233 2028; x_wconf 83' lang='lat' dir='ltr'>sedens</span> <span class='ocrx_word' id='word_1_245' title='bbox 1257 1999 1359 2030; x_wconf 83' lang='lat' dir='ltr'>stadio</span> 
     </span>
     <span class='ocr_line' id='line_1_49' title="bbox 308 2024 1370 2074; baseline 0.009 -15"><span class='ocrx_word' id='word_1_246' title='bbox 308 2028 435 2059; x_wconf 87' lang='lat' dir='ltr'>Sursum</span> <span class='ocrx_word' id='word_1_247' title='bbox 459 2031 531 2059; x_wconf 80' lang='lat' dir='ltr'>sunt</span> <span class='ocrx_word' id='word_1_248' title='bbox 552 2032 718 2067; x_wconf 80' lang='lat' dir='ltr'>potentlae.</span> <span class='ocrx_word' id='word_1_249' title='bbox 968 2042 1082 2073; x_wconf 74' lang='lat' dir='ltr'>Juncta</span> <span class='ocrx_word' id='word_1_250' title='bbox 1104 2042 1164 2073; x_wconf 66' lang='lat' dir='ltr'>Dei</span> <span class='ocrx_word' id='word_1_251' title='bbox 1187 2042 1252 2074; x_wconf 71' lang='lat' dir='ltr'>filio</span> <span class='ocrx_word' id='word_1_252' title='bbox 1362 2024 1370 2041; x_wconf 84' lang='lat'><strong><em>⁷</em></strong></span> 
     </span>
     <span class='ocr_line' id='line_1_50' title="bbox 422 2087 1332 2128; baseline 0.009 -15"><span class='ocrx_word' id='word_1_253' title='bbox 422 2090 467 2116; x_wconf 75' lang='lat' dir='ltr'>Ad</span> <span class='ocrx_word' id='word_1_254' title='bbox 485 2091 659 2127; x_wconf 80' lang='lat' dir='ltr'>Magnificat.</span> <span class='ocrx_word' id='word_1_255' title='bbox 1013 2087 1144 2126; x_wconf 90' lang='lat' dir='ltr'>Proprio</span> <span class='ocrx_word' id='word_1_256' title='bbox 1168 2089 1332 2128; x_wconf 87' lang='lat' dir='ltr'>principio.</span> 
     </span>
     <span class='ocr_line' id='line_1_51' title="bbox 237 2136 1423 2187; baseline 0.009 -19"><span class='ocrx_word' id='word_1_257' title='bbox 237 2139 277 2168; x_wconf 88' lang='lat' dir='ltr'>A.</span> <span class='ocrx_word' id='word_1_258' title='bbox 303 2137 349 2168; x_wconf 87' lang='lat' dir='ltr'>Te</span> <span class='ocrx_word' id='word_1_259' title='bbox 371 2136 601 2175; x_wconf 82' lang='lat' dir='ltr'>magnificantes</span> <span class='ocrx_word' id='word_1_260' title='bbox 911 2143 940 2175; x_wconf 85' lang='lat'>2.</span> <span class='ocrx_word' id='word_1_261' title='bbox 967 2142 991 2174; x_wconf 96' lang='grc' dir='ltr'>Ο</span> <span class='ocrx_word' id='word_1_262' title='bbox 1017 2151 1107 2181; x_wconf 88' lang='lat' dir='ltr'>quam</span> <span class='ocrx_word' id='word_1_263' title='bbox 1131 2144 1272 2186; x_wconf 86' lang='lat' dir='ltr'>pulchra,</span> <span class='ocrx_word' id='word_1_264' title='bbox 1298 2146 1423 2187; x_wconf 81' lang='lat' dir='ltr'>nobilis,</span> 
     </span>
     <span class='ocr_line' id='line_1_52' title="bbox 306 2182 1326 2235; baseline 0.009 -21"><span class='ocrx_word' id='word_1_265' title='bbox 306 2182 513 2235; x_wconf 75' lang='lat' dir='ltr'>collaudemus</span> <span class='ocrx_word' id='word_1_266' title='bbox 537 2184 711 2225; x_wconf 88' lang='lat' dir='ltr'>Dominum,</span> <span class='ocrx_word' id='word_1_267' title='bbox 1013 2188 1114 2231; x_wconf 85' lang='lat' dir='ltr'>Casta,</span> <span class='ocrx_word' id='word_1_268' title='bbox 1142 2192 1326 2231; x_wconf 83' lang='lat' dir='ltr'>verecunda,</span> 
     </span>
     <span class='ocr_line' id='line_1_53' title="bbox 303 2231 1321 2270; baseline 0.011 -12"><span class='ocrx_word' id='word_1_269' title='bbox 303 2238 355 2268; x_wconf 80' lang='lat' dir='ltr'>qui</span> <span class='ocrx_word' id='word_1_270' title='bbox 378 2237 547 2267; x_wconf 77' lang='lat' dir='ltr'>respmiens</span> <span class='ocrx_word' id='word_1_271' title='bbox 571 2231 775 2264; x_wconf 82' lang='lat' dir='ltr'>humilitatem</span> <span class='ocrx_word' id='word_1_272' title='bbox 967 2234 1010 2267; x_wconf 92' lang='lat' dir='ltr'>Ut</span> <span class='ocrx_word' id='word_1_273' title='bbox 1033 2235 1066 2265; x_wconf 89' lang='lat' dir='ltr'>in</span> <span class='ocrx_word' id='word_1_274' title='bbox 1091 2237 1184 2268; x_wconf 85' lang='lat' dir='ltr'>astris</span> <span class='ocrx_word' id='word_1_275' title='bbox 1208 2236 1321 2270; x_wconf 75' lang='lat' dir='ltr'>lucifer</span> 
     </span>
    </p>
   </div>
   <div class='ocr_carea' id='block_1_12' title="bbox 301 2274 1442 2323">
    <p class='ocr_par' dir='ltr' id='par_1_19' title="bbox 301 2274 1442 2323">
     <span class='ocr_line' id='line_1_54' title="bbox 301 2274 1442 2323; baseline 0.011 -17"><span class='ocrx_word' id='word_1_276' title='bbox 301 2274 457 2316; x_wconf 84' lang='lat' dir='ltr'>Bilhildis,</span> <span class='ocrx_word' id='word_1_277' title='bbox 482 2276 614 2308; x_wconf 84' lang='lat' dir='ltr'>ancillae</span> <span class='ocrx_word' id='word_1_278' title='bbox 638 2281 718 2318; x_wconf 83' lang='lat' dir='ltr'>tuae,</span> <span class='ocrx_word' id='word_1_279' title='bbox 1010 2281 1146 2321; x_wconf 83' lang='lat' dir='ltr'>Fulgens</span> <span class='ocrx_word' id='word_1_280' title='bbox 1171 2292 1293 2323; x_wconf 85' lang='lat' dir='ltr'>semper</span> <span class='ocrx_word' id='word_1_281' title='bbox 1315 2288 1442 2320; x_wconf 89' lang='lat' dir='ltr'>munda.</span> 
     </span>
    </p>
   </div>
  </div>
 </body>
</html>
