1656 2491
721 74 949 109 „30-

215 175 246 206 4.
271 173 438 204 Percussor
459 170 567 209 sancti,

319 218 423 249 divino
444 218 543 248 taetus
568 222 679 251 amore,

274 264 410 295 Caedere
438 263 510 293 dum
533 260 644 298 timuit,

317 308 452 340 sanctior
475 306 628 337 occubuit.

218 384 248 414 5.
273 382 350 414 Cum
372 380 502 411 Domino
526 378 633 408 laudes

320 428 442 456 curaret
464 424 584 454 solvere
607 422 704 462 miles,

272 471 402 502 Fontem
425 468 580 507 promovit

316 515 404 547 arida
427 514 582 552 planities.

390 603 434 630 Ad
452 602 631 631 Benedictus.

208 671 247 701 A.
272 669 396 701 Summa
418 668 479 699 Dei
501 668 601 699 virtus

319 714 419 746 sancti
442 714 542 752 patuit
564 720 658 751 super
682 715 777 749 artus,

276 760 403 792 Caesum
425 758 629 798 perlustrans,

320 813 475 836 caesorem
502 804 616 835 lumine
639 802 812 843 frustrans;

930 165 1023 197 Unde
1045 162 1104 193 tibi
1127 168 1252 200 perpes,

975 211 1150 241 sanctorum
1177 206 1305 238 dextera
1328 204 1454 242 vindex,

930 257 1013 288 Laus
1039 256 1071 284 et
1092 254 1191 284 honor
1214 253 1338 283 maneat

975 310 1031 340 per
1056 302 1167 330 cuncta
1190 297 1314 329 saecula
1337 295 1442 327 saecli.

1001 374 1047 404 In
1071 374 1102 404 2.
1128 370 1339 410 Vesper-is.

1050 430 1096 457 Ad
1114 429 1288 465 Magnificat.

865 483 905 515 A.
933 482 1031 513 Grata
1053 482 1121 520 tibi,
1147 482 1200 519 pie
1223 489 1288 521 rex,

976 535 1099 566 semper
1120 526 1265 564 jubilatio
1288 527 1408 562 nostra,

930 573 1063 604 Munera
1085 572 1266 610 persolvens

979 621 1010 649 et
1034 618 1128 649 corde
1151 617 1283 648 resultet
1306 620 1337 648 et
1359 625 1423 655 ore,

933 664 988 702 Ut,
1012 664 1065 703 qui
1089 663 1244 702 concedis,

978 710 1089 741 laetari
1113 709 1201 740 testis
1224 716 1332 748 agone,

932 755 997 786 Des
1021 756 1142 786 veniam
1165 754 1254 785 nobis

981 801 1114 832 clemens
1136 800 1234 838 ipsius
1258 808 1371 831 amore.

282 878 364 904 Brov.
384 876 539 904 Othinense
561 877 629 911 imp.
648 875 780 902 Lubeeae
805 872 884 902 1497.
903 888 940 893 —
958 874 994 901 In
1014 872 1038 900 1.
1057 874 1141 900 Noct.
1161 871 1183 898 Α
1204 870 1229 904 3,
1250 871 1268 898 2
1288 872 1421 907 optimus.
1443 885 1478 890 —-

213 912 233 940 R
255 912 279 946 1,
299 912 316 940 9
336 921 451 940 vacuus.
470 927 508 932 ν-
525 913 561 939 In
579 910 605 939 3.
625 912 706 939 Noct.
728 910 748 937 R
768 909 795 946 3,
815 910 832 938 5
851 911 948 938 facies.
968 925 1004 930 -—
1023 911 1059 937 In
1076 909 1167 937 Laud.
1188 906 1211 936 Α
1231 907 1257 942 3,
1280 906 1297 934 2
1315 909 1441 936 habitus.

658 1027 685 1057 8.
723 1026 766 1057 De
785 1026 888 1057 saneto
909 1026 1025 1056 Altone.

345 1105 393 1136 In
418 1104 448 1137 1.
473 1104 683 1142 Vesperis.

391 1166 481 1201 Super
499 1166 638 1193 Psalmos.

212 1224 251 1257 A.
277 1222 348 1254 Dux
372 1222 456 1253 Deus
480 1230 518 1252 ex
541 1221 614 1260 alto,

323 1272 354 1299 te
379 1267 489 1298 dilexit
512 1274 600 1298 sacer
622 1268 707 1306 Alto,

279 1315 316 1345 In
338 1315 403 1344 toto
428 1313 532 1351 corde,

323 1367 412 1397 quem
436 1358 563 1389 salvasti
586 1359 653 1388 sine
675 1357 788 1395 sorde3

280 1404 430 1436 Sordibus
453 1402 584 1435 infectos

324 1449 375 1480 fao
397 1457 452 1480 nos
476 1449 566 1487 hujus
590 1456 683 1487 prece
706 1450 816 1479 rectos.

350 1545 377 1575 A
390 1545 408 1576 d
432 1544 687 1576 Matutinum.

411 1607 621 1634 invitatorium.

280 1663 354 1694 Alto
377 1663 505 1694 salutari

324 1708 423 1747 jubilo
447 1707 543 1740 facias
567 1708 720 1747 meditari,

280 1754 346 1786 Nos
371 1754 493 1786 Christo
519 1755 603 1793 dare,

326 1800 493 1832 studiosius
518 1800 673 1839 evigilare.

347 1896 391 1928 In
419 1896 448 1929 1.
475 1896 695 1928 Nocturno.

424 1959 613 1994 Antiphonae.

229 2014 259 2047 1.
283 2014 367 2054 Lege
390 2015 449 2045 Dei
472 2018 577 2055 gratus

328 2059 388 2091 fuit
411 2062 485 2093 Alto
509 2063 611 2092 mente
635 2062 793 2102 probatus,

281 2105 489 2138 Fructiferum
513 2107 631 2146 lignum

329 2153 412 2183 Deus
437 2153 558 2184 ornavit
581 2153 641 2184 sibi
666 2153 800 2194 dignum.

224 2209 257 2242 2.
283 2207 352 2238 Jam
377 2207 444 2247 tibi,
470 2217 526 2239 rex
551 2207 681 2248 Christe,

327 2254 456 2287 servivit
477 2255 512 2286 in
534 2255 676 2287 omnibus
697 2256 768 2296 iste,

934 1102 1037 1133 Noxia
1059 1101 1189 1141 solvisti,

981 1156 1070 1186 quem
1096 1147 1179 1178 coelo
1205 1147 1402 1181 constituisti,

882 1202 912 1233 3.
939 1202 1023 1233 Voce
1045 1202 1107 1234 Dei
1129 1204 1247 1233 tractus

982 1247 1138 1287 perfectos
1160 1247 1264 1279 induit
1287 1249 1385 1287 actus,

937 1293 1029 1324 Nunc
1052 1293 1220 1331 exaudivit,

982 1339 1015 1370 in
1038 1342 1142 1370 monte
1165 1338 1226 1371 Dei
1249 1339 1340 1370 modo
1366 1339 1453 1373 vivit.

880 1395 911 1426 4.
937 1394 1056 1425 Lumen
1081 1393 1236 1432 signatum

984 1448 1079 1477 super
1086 1439 1169 1470 hunc
1178 1441 1225 1471 est
1232 1439 1482 1479 multiplicatum,

939 1485 1049 1516 Noluit
1075 1485 1169 1516 irasci

986 1531 1044 1562 sed
1064 1530 1204 1568 justitiae
1227 1531 1308 1570 dape
1330 1532 1429 1569 pasci.

884 1588 914 1619 5.
940 1585 1009 1617 Jam
1034 1585 1230 1624 benedixisti,

988 1632 1074 1670 cujus
1098 1634 1231 1662 mentem
1256 1632 1394 1671 tetigisti,

939 1677 1059 1715 Estque
1081 1682 1246 1709 coronatus

990 1723 1115 1754 coelesti
1137 1723 1253 1754 lumine
1276 1727 1393 1763 gratus

884 1779 915 1810 6.
942 1777 1050 1809 Gloria
1074 1786 1142 1809 cum
1164 1777 1241 1810 flore

987 1823 1048 1855 fuit
1070 1824 1134 1856 alto
1154 1824 1220 1862 jam
1243 1824 1301 1856 sub
1324 1825 1453 1865 honore,

943 1869 1072 1901 Constat
1094 1869 1240 1902 fundatus

988 1917 1021 1946 in
1046 1916 1130 1947 coelo
1155 1916 1378 1957 magnificatus,

1080 1978 1284 2014 Responsoria.

888 2027 917 2059 1.
944 2026 1100 2058 Virtutum
1125 2026 1227 2058 clarus
1251 2028 1290 2059 ab
1316 2029 1379 2060 alto

944 2072 1038 2111 Regis
1059 2075 1150 2104 natus
1173 2072 1235 2104 fuit
1256 2074 1342 2114 Alto,

944 2117 991 2149 Ut
1013 2116 1115 2149 fertur
1138 2127 1158 2150 a
1179 2120 1334 2160 patriotis,

942 2164 1003 2195 Est
1027 2167 1144 2196 certum
1168 2165 1298 2198 Scotiois
1322 2167 1405 2199 totis.

879 2211 918 2245 V.
943 2210 1013 2242 Jam
1037 2219 1116 2250 puer
1138 2213 1361 2246 transcendens
1385 2215 1465 2247 viles

947 2256 1014 2289 Sibi
1037 2261 1136 2289 metas
1158 2260 1305 2297 pueriles.
