1679 2491
694 101 735 106 ——
787 81 946 117 253-

177 172 219 205 V.
245 173 412 205 Remaclus
437 174 635 214 theoreticae,

245 219 292 251 Ut
314 221 411 251 instet
433 220 539 252 Trudo
562 223 730 260 practicae.

186 275 218 308 4.
245 274 270 307 O
295 276 397 307 virum
420 276 524 316 laude,
549 277 651 316 gratia

244 321 396 361 Omnique
424 322 547 362 dignum
574 324 683 365 gloria,

245 366 304 400 Cui
327 377 362 400 se
387 368 447 401 duo
471 368 590 401 lumina

245 413 420 447 Infundunt
443 418 538 447 noctu
563 416 688 459 coelica,

175 460 217 493 V.
245 461 348 500 Caput
372 465 403 493 et
426 462 525 501 pedes
549 463 690 495 ambiunt

240 507 285 539 Et
308 511 455 547 soporato
479 509 629 542 serviunt.

311 620 357 651 In
384 622 413 654 3.
441 621 669 653 Nocturno.

391 693 436 721 Ad
457 693 584 722 Cantica.

212 774 218 780 .
243 750 360 790 Radix,
385 749 452 791 flos,
478 749 608 784 fructus

289 797 418 836 lignum,
428 797 510 836 quod
520 807 580 829 non
590 798 668 829 tinet
679 800 793 837 aestus,

246 842 416 875 Testantur
438 844 593 883 meritum,

291 890 341 921 vir
362 889 538 930 benedicte,
564 892 661 923 tuum.

385 963 589 998 Responsoria.

213 1045 220 1051 .
246 1019 400 1051 Sacerdos
425 1028 497 1059 ergo
521 1020 646 1059 populis

246 1065 356 1097 Diviso
380 1074 461 1110 pane
487 1066 639 1106 dogmatis

245 1112 295 1144 De
319 1114 405 1143 terra
429 1111 547 1143 fontem
571 1112 664 1151 elicit,

244 1159 303 1197 Qui
327 1167 409 1190 nunc
432 1167 531 1198 usque
554 1168 614 1191 non
641 1158 765 1200 deficit;

211 1229 218 1236 .
244 1205 311 1236 Has
337 1207 444 1245 erogat
468 1205 592 1236 divitias

246 1252 352 1283 Bonus
379 1254 470 1290 pater
494 1250 638 1285 familias.

214 1332 221 1338 .
247 1307 305 1339 Vir
329 1307 456 1346 pietatis
479 1308 600 1347 unicae,

248 1353 373 1386 Nullius
400 1362 510 1392 expers
536 1355 664 1393 gratiae,

246 1399 423 1432 Erudiebat
444 1400 594 1439 homines,

245 1446 402 1486 Ejiciebat
428 1446 604 1484 daemones,

210 1517 217 1524 .
244 1493 452 1531 :imperitabat
475 1493 583 1524 bestiis

246 1540 290 1571 Et
314 1540 456 1571 omnibus
480 1540 692 1574 incommodis,

214 1621 221 1628 .
246 1595 477 1635 Applicabatur
499 1596 623 1627 interim

246 1642 335 1674 Hora
364 1642 656 1681 transplantationis

247 1688 300 1719 Ad
326 1688 464 1720 radicem
490 1689 702 1720 sanctissimae

292 1735 425 1766 Arboris

246 1781 290 1812 Et
315 1781 488 1820 cupientem
515 1782 641 1813 dissolvi

245 1827 290 1859 Et
310 1827 375 1865 jam
401 1836 469 1858 cum
495 1826 618 1858 Christo
644 1836 712 1859 esse

245 1873 478 1913 Discipulorum
502 1876 605 1904 tamen

248 1920 388 1952 Gemitus
414 1922 445 1951 et
468 1920 652 1959 quaerulosa

246 1967 297 1999 Ne
320 1976 354 1999 se
382 1967 541 1998 desereret

246 2014 441 2053 Supplicatio
466 2013 668 2045 morabantur

212 2087 220 2096 .
245 2062 379 2101 Jamque
404 2061 612 2101 recedentem,

289 2108 355 2146 jam
378 2107 536 2141 Christum
566 2106 794 2146 respicientem,

213 2192 221 2200 .
247 2165 335 2204 Quod
360 2165 507 2204 sperasti,
534 2172 606 2195 ecce
630 2166 728 2201 tenes,

246 2212 334 2251 Quod
359 2212 489 2252 amasti,
516 2211 673 2244 Christum
698 2210 794 2251 vides,

244 2259 308 2291 Hic
331 2259 482 2298 sepultus,
510 2258 556 2289 ibi
580 2266 702 2298 regnas,

245 2306 308 2338 Hic
332 2306 462 2345 rogaris,
488 2306 532 2336 ibi
557 2307 709 2345 praestas,

851 2164 889 2195 A.

917 177 983 208 Nos
1009 176 1197 212 commenda,
1222 177 1330 207 sancte
1344 174 1462 216 Trudo,

917 223 1013 255 Trino
1037 226 1129 262 atque
1152 222 1205 254 uni
1229 221 1307 255 Deo.

915 269 1042 301 Memor
1066 272 1126 301 esto
1152 268 1249 308 plebis
1273 270 1356 308 tuae,

920 324 1018 354 Quam
1033 315 1209 356 possedisti
1232 316 1271 347 ab
1295 313 1399 346 initio.

1028 418 1088 449 Ad
1112 416 1286 449 Laudes.

1033 482 1125 517 Super
1142 481 1281 509 Psalmos.

884 563 890 569 .
915 538 1066 579 Regnum,
1092 539 1238 570 virtutem

960 584 1045 616 Deus
1069 585 1173 616 induit
1200 587 1292 624 atque
1318 584 1461 615 decorem

915 630 968 671 Et,
994 639 1084 670 quam
1108 630 1252 669 firmavit,

962 677 1067 709 sedem
1092 677 1160 717 tibi,
1186 677 1302 718 Trudo,
1329 676 1460 716 paravit.

1037 750 1083 777 Ad
1101 750 1281 777 Benedictus.

916 805 986 837 Lux
1007 807 1147 845 emergit,
1171 807 1226 837 lux
1248 806 1401 845 liquescit,

915 852 1022 883 Trudo
1047 852 1112 883 sole
1134 853 1204 891 plus
1231 853 1397 893 candescit,

963 898 1045 930 Nive
1068 907 1149 930 nova
1174 898 1344 940 candidior,

961 945 1047 976 Auro
1072 945 1212 984 vitroque
1235 945 1362 984 purim-3

918 991 1026 1023 Coelos
1051 991 1182 1030 scandit,
1209 993 1309 1022 terras
1331 990 1425 1031 fovet,

915 1037 1008 1069 Mare
1031 1040 1129 1069 totum
1150 1037 1246 1069 laude
1268 1038 1387 1076 replet3

961 1083 1039 1122 Ejus
1063 1083 1190 1114 obtentu
1215 1084 1317 1114 oriens

962 1130 1027 1161 Nos
1051 1134 1139 1169 regat
1163 1129 1355 1162 indeficiens.

1041 1234 1069 1264 A
1081 1232 1101 1263 d
1125 1231 1156 1263 H
1165 1241 1182 1263 o
1192 1242 1209 1263 r
1217 1241 1236 1263 a
1245 1241 1270 1263 s.

1054 1295 1101 1322 Ad
1121 1296 1257 1323 Primam.

884 1379 890 1385 .
915 1353 1089 1391 Exsequias
1115 1352 1252 1384 celebres

963 1400 1073 1431 summi
1098 1400 1283 1431 comitantur
1307 1399 1417 1431 odores

915 1446 1078 1485 Mixtaque
1102 1445 1211 1485 caligo,

961 1493 1024 1531 lux,
1051 1493 1167 1523 coelica
1192 1492 1277 1530 cujus
1304 1493 1399 1531 orig0.

1050 1564 1094 1592 Ad
1114 1566 1249 1592 Tertiam.

915 1622 1017 1655 Janua
1039 1622 1183 1661 pulsatur

961 1669 1089 1708 solaque
1109 1668 1173 1700 fide
1202 1671 1368 1708 reseratur,

918 1715 1027 1748 Credit
1049 1719 1080 1746 et
1103 1716 1225 1746 accedit

963 1770 1082 1804 caecus,
1109 1770 1175 1793 cum
1199 1762 1270 1792 luce
1295 1761 1422 1794 recedit.

1061 1834 1106 1862 Ad
1126 1835 1249 1862 Sextam.

916 1892 1098 1925 Flectuntur
1121 1891 1217 1932 fures,

963 1939 1120 1971 homicida
1140 1947 1211 1970 reus
1234 1938 1318 1977 perit
1341 1939 1430 1980 alter,

917 1985 1023 2024 Ustus,
1050 1988 1225 2017 contractus

963 2041 1068 2063 curam
1091 2032 1176 2064 redit
1198 2032 1278 2064 alter
1302 2033 1445 2073 adeptus,

1064 2106 1109 2133 Ad
1127 2107 1248 2134 Nonam.

916 2163 1025 2195 Laude
1048 2166 1112 2203 tua,
1139 2163 1271 2207 Christe,

962 2214 1053 2249 pater
1077 2214 1123 2242 est
1147 2211 1314 2244 laudabilis
1337 2212 1397 2244 iste

917 2257 969 2295 Et,
997 2259 1116 2298 quoties
1138 2259 1265 2299 petitur,

962 2306 1083 2337 animae
1106 2306 1252 2346 carnique
1276 2308 1427 2342 medetur.
