1679 2491
203 2171 221 2202 tn

718 95 967 129 β167-

268 187 363 220 Plebs
388 187 451 218 ruit
474 187 515 218 ad
538 190 614 219 nota

312 233 464 265 miracula
490 233 567 264 dans
591 234 645 273 pia
668 236 750 274 vota,

266 281 350 312 Vera
373 281 457 311 salus
484 280 602 311 morbis

317 326 409 357 datur
432 326 484 357 hic
509 329 540 356 et
562 327 687 358 luminis
712 327 796 358 orbis

265 372 308 403 Et
332 373 451 403 claudis
476 373 614 411 quisque,

315 419 431 458 surdis,
455 419 549 449 mutis
573 419 762 458 rabidisque.

269 492 345 523 Mox
369 493 447 524 duce
469 493 603 531 Pippino

315 539 457 569 veniente
481 547 621 578 genuque
644 539 761 570 reclino

269 585 383 616 Oscula
407 585 501 616 dante
524 585 601 615 locis

314 630 393 662 fiunt
416 631 469 670 pia
493 629 610 662 famina
633 630 724 668 votis,

270 676 373 716 Capsa
397 686 456 716 quo
480 679 560 708 teste

315 723 369 762 pia
376 723 516 754 membra
521 724 663 754 locantur
675 722 813 759 honeste,

270 769 327 807 Qui
350 769 500 808 templum
524 768 643 808 grande

314 815 409 846 struit
421 815 454 845 in
470 815 594 845 laudem
606 813 812 852 venerandae,

233 886 239 892 .
265 861 405 900 Remque
425 861 509 899 piam
530 861 643 899 ‚iusque

316 909 456 937 statuens
480 915 572 937 sexus
596 905 756 944 utriusque

267 952 404 995 Coetum,
429 962 487 992 pro
513 961 587 983 cura

313 999 413 1030 victus
439 999 493 1030 dat
513 998 644 1038 praedia
667 998 773 1028 multa.

377 1146 438 1177 Ad
461 1146 634 1177 Laudes.

415 1237 603 1273 Antiphon-ae.

236 1339 242 1346 .
268 1313 445 1345 Laudemus
468 1313 634 1351 Christum,

313 1362 445 1398 propter
470 1367 559 1398 quem
583 1359 704 1397 respuit
719 1359 814 1389 istum

269 1405 423 1437 Mundum
446 1405 533 1444 virgo
557 1405 640 1436 bona

313 1450 435 1491 fulgens
460 1451 604 1482 radiante
627 1459 748 1482 corona.

265 1526 421 1558 Christum
446 1525 607 1556 laudemus

312 1574 343 1603 et
365 1572 474 1603 laudes
498 1570 732 1611 amplificemus,

263 1619 293 1650 A
318 1628 377 1659 quo
404 1619 520 1650 donata

311 1666 357 1696 sic
380 1665 538 1705 proximat
559 1665 621 1696 ista
644 1664 745 1696 beata.

229 1763 237 1771 .
264 1740 357 1772 Curet
378 1740 411 1770 in
428 1741 587 1770 aeternum

310 1794 413 1825 regem
436 1786 567 1817 laudare
591 1793 756 1824 supernum

262 1832 368 1871 Plebs,
393 1832 473 1863 hanc
498 1832 549 1870 qui
573 1831 657 1862 clare

314 1878 433 1909 curavit
456 1877 632 1909 mirificare.

265 1953 407 1986 Christus
431 1953 578 1984 laudetur

311 2003 343 2031 et
364 2000 398 2031 in
423 2008 532 2031 aevum
556 1997 756 2038 glorificetur,

261 2047 320 2086 Qui
343 2050 408 2079 tam
431 2045 563 2077 mirifice

306 2094 402 2125 vitam
432 2092 591 2124 decoravit
612 2092 739 2125 amicae.

227 2194 233 2201 .
259 2169 420 2201 Laudibus
444 2168 586 2199 altisonis

306 2216 451 2248 laudetur
475 2215 506 2247 vi
531 2215 660 2246 rationis

259 2263 339 2304 Rex,
366 2263 416 2294 cui
438 2265 542 2294 mente
566 2270 651 2293 mera

307 2310 437 2342 servivit
461 2310 548 2349 virgo
573 2317 694 2342 serena.

1055 186 1100 213 Ad
1118 187 1297 215 Benedictus.

869 245 909 276 A.
936 244 960 276 Ο
986 243 1149 275 benedicte
1172 246 1272 284 pater,

982 299 999 321 o
1027 289 1159 330 Christe,
1184 290 1322 329 piissime
1346 287 1454 328 frater,

937 336 961 368 O
986 338 1126 367 sanctum
1149 345 1290 376 pneuma,

984 385 1100 423 cantus,
1123 383 1306 422 psalmodia,
1332 390 1442 413 neuma

939 429 1015 460 Jure
1038 428 1097 459 tibi
1121 430 1243 467 dantur,

980 474 1039 505 tibi
1063 474 1209 513 psallunt,
1235 478 1266 505 te
1282 475 1478 510 venerantur,

937 520 1113 551 Hermlindi
1135 521 1265 552 meritae

983 567 1034 605 qui
1060 566 1116 597 das
1139 567 1193 605 pia
1216 566 1355 606 praemia
1376 566 1468 596 vitae.

1010 686 1055 717 In
1081 687 1111 718 2.
1137 687 1346 726 Vesperis.

1080 767 1271 803 Antiphonae.

906 860 912 866 .
938 833 1051 864 Inclita
1075 833 1161 873 virgo
1186 834 1309 874 decens,

979 879 1020 910 ad
1041 878 1198 910 Christum
1223 882 1294 911 vota
1314 878 1480 919 profunde,

936 925 981 957 Ut
1004 927 1093 956 vetus
1117 928 1210 965 atque
1234 934 1342 957 recens

981 971 1081 1001 scelus
1107 971 1222 1011 abluat,
1248 973 1366 1002 urimur
1387 972 1479 1003 unde.

902 1049 910 1057 .
935 1026 1029 1065 Virgo
1055 1026 1158 1058 dicata
1180 1027 1258 1066 Deo,

984 1081 1042 1110 pro
1066 1072 1155 1104 nobis
1176 1073 1292 1112 jugiter
1317 1082 1380 1111 ora,

935 1117 985 1148 Ne
1005 1120 1108 1148 sontes
1132 1119 1171 1150 ab
1197 1128 1232 1150 eo

984 1164 1165 1196 damnemur
1187 1165 1296 1196 mortis
1319 1166 1353 1196 in
1375 1166 1462 1199 hora.

904 1247 910 1252 .
937 1220 961 1252 O
986 1220 1073 1259 virgo
1099 1221 1242 1264 clemens,

984 1267 1025 1297 <la
1049 1266 1172 1299 Christo
1192 1268 1266 1307 juge
1288 1276 1464 1307 precamen,

935 1312 981 1344 Ut
1005 1313 1094 1344 nobis
1120 1315 1254 1345 clemens

983 1359 1024 1389 sit
1046 1368 1147 1391 noxae
1172 1361 1285 1399 detque
1311 1360 1443 1399 piamen.

902 1438 908 1444 .
935 1414 973 1446 Id
998 1416 1070 1452 pete
1094 1415 1252 1455 subjectis,

981 1468 1021 1491 ne
1043 1469 1099 1491 nos
1123 1462 1223 1500 patris
1245 1462 1295 1492 ira
1314 1462 1467 1500 molestet,

934 1506 1037 1546 Virgo,
1064 1507 1119 1538 sed
1144 1507 1274 1546 abJ'eetis

978 1553 1062 1584 vitiis
1087 1553 1165 1585 bene
1190 1554 1296 1586 vivere
1319 1557 1466 1594 praestet.

900 1634 906 1641 .
934 1609 1017 1647 Post,
1042 1609 1133 1641 modo
1158 1610 1246 1650 virgo
1270 1619 1347 1650 roga

979 1655 1096 1687 Christi
1119 1657 1173 1695 pia
1195 1665 1308 1688 numen
1333 1660 1365 1689 et
1388 1666 1452 1697 ora,

933 1702 979 1734 Ut
1003 1710 1072 1732 cum
1095 1702 1164 1733 luce
1184 1705 1258 1742 toga

979 1749 1134 1787 potiamur
1158 1749 1266 1780 mortis
1289 1749 1322 1780 in
1346 1749 1431 1780 hora.

898 1819 904 1826 .
931 1794 1019 1825 Haec
1041 1803 1160 1826 morum
1184 1795 1259 1826 lima

979 1849 1013 1871 se
1032 1840 1145 1872 stravit
1167 1841 1205 1872 ab
1230 1841 1336 1872 indole
1359 1842 1470 1883 prima,

933 1887 984 1918 Ad
1008 1896 1158 1918 summam
1183 1888 1267 1918 vitae

980 1934 1068 1964 varia
1090 1934 1248 1971 probitate
1271 1934 1377 1974 polita,

936 1979 1026 2011 Celsa
1049 1980 1165 2020 virago,
1191 1981 1290 2012 satrix

980 2027 1138 2070 virtutum,
1161 2028 1240 2066 juris
1266 2029 1397 2059 amatrix

932 2073 1055 2112 lntima,
1081 2073 1230 2114 subjecta,

978 2120 1109 2161 patiens,
1135 2121 1197 2160 pia,
1223 2121 1292 2160 lege
1316 2120 1441 2152 referta.

898 2191 905 2198 .
930 2166 1032 2198 Mirus
1057 2167 1135 2198 odor
1158 2168 1273 2207 gummi

978 2213 1056 2244 coeli
1079 2214 1181 2253 replet
1204 2212 1310 2256 [atria]
1337 2215 1457 2254 summi,

931 2260 1019 2299 Quod
1043 2258 1104 2290 fuit
1127 2269 1144 2292 e
1167 2270 1267 2293 messe

977 2316 1067 2346 quam
1092 2316 1180 2340 sacro
1205 2311 1329 2341 severat
1353 2317 1430 2342 esse.
