1656 2491
750 94 978 127 -28-

297 187 413 218 Albani
437 187 563 226 meritis,

343 233 487 272 martyris
513 233 636 273 egregii,

299 278 357 316 Qui
379 278 497 317 proprii
523 287 579 316 pro
604 280 634 308 te

341 323 483 362 perfusus
507 323 661 362 sanguinis
685 321 770 352 unda

296 369 446 407 Splendet
467 370 500 400 iu
524 369 662 407 angelica

341 415 520 453 perspicuus
544 414 654 451 patria.

412 494 456 520 Ad
474 492 649 527 Magnificat.

228 550 267 582 A.
293 550 369 588 Ave,
394 553 512 588 martyr
535 549 676 588 gloriose,

293 596 370 633 Ave,
396 595 482 626 sidus
503 595 568 632 jam
593 596 733 630 coeleste,

295 640 462 679 Demrans,
487 640 620 679 Albane,
646 640 773 678 coelum,

294 686 358 716 Nos
387 686 524 725 guberna
547 686 672 716 vincens
696 685 831 724 humum,
887 696 925 727 v·

294 731 358 768 Quo
382 731 531 763 laetemur
554 732 779 769 triumphantes

293 776 338 806 Te
360 779 523 814 patronum
546 780 738 807 venerantes

359 858 417 888 Ad
441 858 700 890 Matutinum.

425 921 634 947 Invitatorium.

295 966 423 1000 Nomen,
451 967 579 1008 Christe,
606 971 689 997 tuum

339 1014 440 1043 cuncti
468 1021 648 1044 veneremur
671 1014 703 1043 in
730 1021 829 1050 unum,

293 1058 351 1095 Qui
376 1058 430 1089 das
454 1066 511 1096 pro
534 1058 651 1088 meritis

339 1104 453 1134 coelica
475 1111 571 1142 regna
593 1104 663 1135 tuis.
720 1119 723 1122 ·

352 1185 396 1216 In
428 1186 452 1216 l.
478 1184 504 1216 N
517 1188 698 1217 octurno.

429 1247 617 1281 Antiphonae.

237 1303 266 1336 1.
292 1302 412 1333 Primus
434 1304 467 1334 in
489 1304 659 1342 Anglorum

338 1349 398 1379 cito
417 1349 536 1387 lampas
560 1352 649 1387 gente
672 1348 795 1380 refulsit

289 1393 428 1424 Albanus
451 1397 578 1432 martyr,

334 1438 408 1470 fidei
430 1440 544 1470 virtute
569 1448 757 1472 corruscans

236 1496 266 1526 2.
292 1493 353 1523 Hic
375 1502 480 1533 regum
505 1492 644 1525 fremitus

338 1542 366 1569 et
390 1539 494 1570 inania
517 1540 615 1577 gentis
638 1540 760 1579 iniquae

288 1584 421 1623 Agmina
445 1587 639 1615 contemnens

335 1638 368 1660 se
393 1630 514 1661 Christo
540 1631 632 1661 corde
655 1631 785 1669 subegit.

232 1686 264 1718 3,
287 1684 324 1715 ln
347 1685 439 1715 terris
462 1685 580 1723 positus

334 1730 495 1761 mundanis
519 1730 610 1761 rebus
635 1732 752 1770 opimus

286 1775 427 1806 Moribus
451 1776 620 1814 angelicam

333 1821 460 1852 curabat
484 1822 596 1853 ducere
620 1823 723 1854 vitam,

423 1894 623 1929 Respousoria.

230 1949 260 1981 1.
286 1947 520 1980 Sacrosanctum
543 1952 709 1982 venerandi

331 1992 441 2024 festum
467 1995 566 2026 saneti
589 1997 733 2036 martyris

286 2038 408 2070 Christo
434 2041 540 2079 dignas
564 2038 740 2080 inspectori*

330 2085 437 2116 laudes
463 2087 567 2117 demus
591 2090 735 2127 pectoris,

284 2130 439 2161 Albanum
464 2132 515 2171 qui
539 2133 598 2164 sibi
624 2134 749 2174 dignum

328 2178 462 2209 sacravit
484 2178 659 2216 hospitium.

216 2222 254 2256 V.
280 2222 420 2254 illustret
441 2226 563 2255 nostras

327 2269 451 2300 coelesti
474 2270 589 2301 lumine
611 2277 738 2313 mentes

895 796 925 827 3.

955 185 1142 217 Criminibus
1165 194 1280 217 vacuas

1003 232 1098 262 sacris
1123 231 1290 262 virtutibus
1313 231 1456 269 implens.

922 307 928 314 .
954 286 990 317 In
1015 286 1108 317 terris
1132 286 1234 316 adhuc

1000 332 1187 363 mundanum
1212 332 1332 363 lucrum

954 377 1109 416 Spernere
1133 382 1277 416 coeperat

998 424 1138 454 Albanus
1163 426 1292 462 martyr,

953 468 1104 499 Pietatem
1126 472 1248 499 sectans

999 517 1138 552 sumptus
1160 515 1349 553 pauperibus

951 558 1065 597 Dabat,
1092 559 1231 598 crede-ns,

997 605 1032 635 in
1047 605 1141 635 coelis
1157 604 1218 635 sibi
1236 605 1499 644 compensandum

998 651 1089 682 Vitae
1113 659 1242 681 munera
1263 651 1428 690 perpetim,

951 695 1156 727 Contemnens
1179 697 1284 727 multis

997 743 1119 773 onerari
1142 742 1250 780 gratis.

950 795 1070 827 Lumen
1094 795 1279 835 sensificum,

1001 841 1131 881 Christe,
1156 842 1278 880 piorum

952 885 1091 918 Clemens
1115 888 1275 919 accumula

998 936 1071 963 vota
1094 937 1276 972 precantum

950 977 1003 1017 Et,
1029 979 1138 1017 quibus
1164 979 1283 1020 tribuis,

995 1024 1116 1055 solvere
1140 1022 1251 1055 festum

953 1069 1067 1100 Albani
1093 1070 1220 1107 meritis,

996 1116 1142 1155 martyris
1167 1116 1248 1154 almi,

948 1160 1058 1191 Addas
1082 1161 1274 1200 supplicibus

995 1207 1108 1245 gaudia
1131 1207 1227 1245 pacis.

915 1274 922 1282 .
946 1251 1053 1289 Ipsum
1077 1251 1216 1291 glorifica

995 1301 1093 1328 morte
1116 1298 1223 1334 beasti,

948 1342 1049 1380 Ipsius
1073 1343 1217 1382 precibus

995 1389 1049 1419 des
1074 1398 1193 1428 quoque
1217 1390 1315 1423 nobis.

1010 1480 1055 1510 In
1078 1481 1110 1511 2.
1136 1481 1362 1513 Nocturno.

1088 1544 1279 1578 Antiphonae.

914 1612 921 1619 .
945 1589 1091 1628 Alloquio
1118 1591 1226 1633 dulcis,

991 1636 1079 1667 vultu
1102 1638 1292 1669 reverendus
1316 1638 1456 1678 honesto,

946 1681 1033 1712 Inter
1056 1682 1222 1722 saerilegos

994 1731 1136 1759 constans
1161 1729 1227 1759 sine
1252 1731 1380 1762 crimine
1399 1732 1489 1765 vixit.

944 1782 1047 1820 Miles,
1074 1783 1204 1821 Christe,
1231 1788 1283 1816 tuo

990 1827 1065 1859 fidei
1088 1830 1255 1862 munimine
1279 1835 1380 1863 rectus

943 1874 1086 1906 Perstitit
1107 1876 1282 1914 impavidus

990 1921 1088 1951 voluit
1110 1929 1169 1952 nec
1193 1923 1304 1955 cedere
1327 1926 1439 1957 laesus.

911 1999 918 2006 .
945 1974 1084 2007 Albanus
1108 1977 1233 2008 Domini

988 2021 1119 2054 laudans
1143 2024 1287 2056 mirabile
1310 2035 1420 2058 nomen

941 2067 1100 2106 Angelicis
1123 2070 1235 2101 meruit

991 2113 1155 2153 dignanter
1180 2117 1317 2149 coetibus
1342 2119 1428 2153 addi.

1078 2188 1281 2224 Responsoria.

909 2256 917 2263 .
941 2232 1034 2264 Alme
1056 2239 1185 2275 martyr,
1211 2246 1332 2277 gemma
1356 2241 1444 2281 coeli,

939 2279 1054 2312 Forma
1077 2283 1183 2322 saecli,
1208 2285 1295 2317 solve
1318 2288 1453 2326 supplex
