1656 2491
773 104 1000 138 —86-

317 197 402 236 Quae
424 199 551 229 miserta
575 197 766 236 paupertatis

364 246 485 283 patrem
510 244 614 282 privat
637 243 750 284 gladio,

317 289 412 328 Quem
436 289 584 321 offensum
608 297 663 319 rex
687 288 844 319 admirans

362 343 434 366 ense
457 337 549 373 pacat
572 335 642 365 alio.

252 379 288 411 V.
315 380 366 412 Sic
388 389 428 411 ne
451 382 613 418 mercetur,

359 434 466 456 manus
492 425 556 463 ejus
580 425 667 463 larga
690 427 837 457 meretur.

260 481 289 511 3.
315 478 428 510 Fracto
453 479 568 517 scypho
594 477 768 516 septiformi

361 525 409 555 vir
432 524 588 555 necandus
612 524 742 563 rapitur,

315 569 375 601 Pro
400 578 458 608 quo
482 578 586 608 regem
610 570 734 608 praesul
758 572 827 601 orat

364 618 395 645 et
417 616 572 653 repulsam
596 615 724 654 patitur,

315 659 377 692 Sed
405 661 544 692 collectis
568 661 641 691 hinc
665 659 846 700 fragmentis

360 707 490 746 Brigida
515 707 692 745 consulitur,

315 752 381 791 Qua
403 753 544 791 signante
568 751 754 783 reformatur

363 806 415 828 vas
441 801 472 828 et
494 798 588 828 miser
612 798 750 828 solvitur.

250 843 286 873 V.
313 842 360 874 Sic
389 843 460 874 dum
487 844 651 881 compescit

361 897 474 927 regem,
499 887 618 919 famosa
640 889 773 919 nitescit.

379 1008 425 1038 In
451 1009 480 1038 2.
505 1007 531 1037 N
545 1013 726 1038 octurno.

455 1070 642 1104 Antiphonae.

258 1126 288 1157 1.
313 1125 370 1157 Pia
392 1126 478 1165 virgo
502 1126 592 1156 Brith
616 1128 742 1164 recepta

358 1172 487 1210 Brigida
509 1171 642 1209 hospitio

312 1216 389 1256 EJus
413 1218 509 1255 pedes
533 1225 612 1255 aqua
634 1217 712 1247 lavit

358 1263 483 1301 pietatis
507 1262 619 1303 studio,

312 1308 377 1347 Quo
401 1311 562 1347 aegrotans
587 1308 673 1346 virgo
697 1316 772 1339 sana

358 1354 501 1385 redditur
529 1353 684 1392 obsequio.

257 1409 287 1438 2.
312 1407 394 1439 Dum
419 1408 538 1438 cibatur
561 1408 647 1446 haec,
673 1410 830 1446 spectatur

357 1461 449 1491 super
472 1461 608 1484 mensam
632 1454 773 1492 Satanas,

314 1496 509 1530 Contestatur
532 1498 583 1529 hic
607 1501 638 1529 et
660 1497 744 1529 fatur

358 1544 487 1582 virginis
510 1544 649 1582 insidias,

311 1591 394 1627 Quae
417 1592 543 1620 sanatur
566 1593 596 1620 et
619 1592 758 1620 sacratur

356 1634 423 1666 Deo
447 1635 581 1666 reddens
605 1636 729 1674 gratias.

255 1690 284 1721 3.
310 1688 450 1729 Dumque
475 1688 561 1721 fovet
582 1690 659 1721 haec
681 1690 817 1721 misellas

355 1735 458 1766 balnei
482 1735 638 1774 obsequio,

309 1781 515 1820 Aegrotantes
539 1782 597 1812 hoc
620 1781 667 1812 bis
691 1781 757 1812 bini

355 1830 503 1857 sanantur
527 1826 639 1866 officio,

310 1871 408 1903 Caeca
430 1873 526 1912 videt,
551 1874 639 1912 lepra
663 1874 755 1913 cedit,

355 1918 479 1949 obsessa
503 1919 662 1950 daemonio

307 1963 483 2004 Liberatur,
508 1965 585 1996 haec
609 1968 734 1996 curatur

354 2009 460 2040 morbo
486 2011 668 2049 paralytico.

444 2091 646 2126 Responsoria.

254 2146 282 2177 1.
310 2144 495 2178 Consecrata
519 2148 604 2187 virgo
627 2150 720 2188 parit,

352 2196 384 2223 et
405 2193 489 2224 Bron
512 2196 602 2232 pater
627 2194 748 2234 dicitur,

303 2237 405 2278 Negat
426 2240 541 2278 insons,
565 2244 663 2272 mater
686 2242 792 2281 instat,

350 2285 482 2325 Brigida
505 2288 683 2327 consulitur,

983 196 1188 236 Consignatur
1211 206 1264 229 oro
1287 206 1342 229 rea

1025 245 1148 273 tumens
1172 252 1229 274 nec
1254 243 1457 280 convincitur,

979 286 1042 319 Sed
1065 291 1225 327 parentem
1250 298 1328 328 puer
1349 290 1454 328 jussus

1022 334 1135 372 pandit
1160 338 1190 365 et
1215 335 1419 374 cognoscitur,

943 401 951 409 .
976 378 1105 410 Praesul
1128 381 1272 411 lactentis

1027 425 1118 456 datur
1141 426 1248 457 insons
1273 434 1327 457 ore
1349 425 1517 464 loquentis.

945 502 951 509 .
977 479 1065 511 Haec
1087 481 1254 522 impensas,
1281 489 1357 520 quas
1380 484 1510 519 pararat

1024 526 1141 557 Christi
1164 527 1316 567 natalitio,

977 569 1043 601 Has
1068 572 1172 611 egenis
1197 572 1334 610 erogavit

1022 624 1060 647 ex
1084 616 1196 647 affectu
1218 618 1320 655 solito,

976 659 1039 694 Sed
1062 663 1192 700 plebeus
1217 663 1377 701 reparavit

1023 717 1163 747 quaeque
1186 712 1311 747 sumptu
1335 709 1431 748 regio,

977 749 1068 792 Quod
1092 762 1147 785 rex
1168 757 1295 792 stupens
1311 755 1390 786 haec
1407 755 1524 785 dicavit

1021 800 1150 838 virginis
1175 800 1331 839 obsequio.

942 869 948 875 .
973 843 1070 875 Liber
1094 846 1242 883 signatur,

1020 890 1150 928 plebeus
1176 893 1248 923 dum
1273 890 1452 923 famulatur.

941 967 948 974 .
974 944 1075 984 Hujus
1101 946 1186 984 equis
1211 946 1311 985 captis
1335 945 1421 977 fures

1020 991 1114 1029 plena
1137 995 1245 1029 petunt
1269 992 1391 1029 horrea,

976 1035 1056 1073 Quos
1080 1037 1225 1068 laborant
1248 1040 1394 1068 onustam

1019 1082 1117 1113 multa
1142 1081 1264 1121 frugum
1290 1083 1380 1121 copia

972 1126 1025 1165 Et,
1052 1128 1124 1158 dum
1147 1132 1275 1167 sperant
1297 1129 1452 1167 repedare

1018 1173 1168 1212 Brigidae
1191 1175 1315 1213 tuguria

972 1218 1095 1249 Intrant
1119 1218 1238 1260 [atque]
1261 1220 1524 1252 subscmctantur

1018 1267 1050 1295 et
1071 1263 1208 1295 fatentur
1232 1266 1360 1305 singula.

936 1333 945 1341 .
969 1308 1012 1340 Hi
1038 1311 1110 1341 dum
1133 1311 1303 1350 solvuntur,

1018 1354 1122 1395 fruges
1145 1356 1294 1395 Brigidae
1317 1357 1508 1390 tribuuntur.

1035 1475 1080 1505 In
1107 1476 1136 1507 3.
1162 1474 1386 1509 Nocturno.

1111 1538 1304 1573 Antiphonae.

937 1616 944 1623 .
968 1592 1111 1633 Dumque
1134 1594 1245 1626 turbae
1270 1596 1397 1627 verbum
1420 1597 1507 1629 vitae

1016 1643 1136 1670 sereret
1159 1641 1318 1679 Patritius,

970 1684 1082 1716 Taetro
1108 1686 1159 1717 die
1182 1686 1279 1718 nubes
1306 1688 1390 1719 clara

1015 1731 1104 1769 lapsa
1126 1735 1214 1770 patet
1238 1734 1375 1772 coelitus,

971 1774 1063 1815 Cujus
1088 1786 1211 1809 causam
1231 1780 1318 1817 J'ussa
1342 1781 1451 1819 pandit

1015 1823 1145 1862 Brigida
1168 1826 1359 1865 quantocius,

968 1866 1094 1908 Dicens,
1122 1869 1245 1901 bustum
1269 1872 1329 1903 hoc
1351 1873 1468 1912 signari

1015 1916 1168 1953 praesulis
1194 1916 1351 1951 divinitus

936 1991 943 1999 .
968 1968 1060 2007 Aqua
1082 1970 1207 2008 plenum
1231 1981 1286 2003 vas
1310 1974 1465 2013 signatum

1014 2015 1135 2054 lapsum
1159 2026 1220 2048 non
1246 2020 1425 2061 conteritur,

968 2059 1031 2092 Res
1060 2063 1222 2103 stupenda,
1253 2065 1310 2096 sed
1333 2075 1391 2097 nec
1415 2076 1513 2106 aquae

1015 2108 1133 2139 stillula
1158 2109 1316 2149 dilabitur,

967 2153 1027 2184 Ast
1050 2157 1173 2186 servata
1196 2159 1396 2189 sacramentis

1016 2200 1128 2231 divinis
1152 2200 1338 2244 infunditur,

966 2244 1008 2276 Et
1032 2245 1176 2285 perfusus
1202 2250 1329 2289 quisque
1353 2260 1445 2292 aeger

1010 2292 1070 2324 hac
1093 2294 1186 2325 saluti
1209 2297 1362 2331 redditur.
