1679 2491
761 89 922 124 -103
977 109 1014 114 --

321 181 389 208 eod.
409 181 569 210 Londinen.
587 182 669 209 Harl.
687 181 766 210 1117.
786 191 861 210 saec,
877 181 919 210 11.
934 183 967 209 A.
988 196 1022 200 —
1042 183 1126 209 Brev.
1146 190 1197 208 ms.
1218 182 1369 217 Anglicum
1389 190 1462 209 saec.
1479 179 1522 208 13.

247 218 315 245 Cod-
327 218 468 245 Parisien-
485 216 589 246 12036.
604 220 636 246 B.
661 235 693 239 —
712 221 794 248 Brcv.
814 228 866 247 ms.
887 219 1075 247 Coldoniensc
1094 227 1168 247 saec.
1182 217 1254 246 ¹3l14.
1282 218 1348 245 Cod.
1363 219 1521 246 Londinen.

246 254 329 281 Harl.
348 253 430 282 4664.
452 255 482 281 O.
502 271 538 275 —
561 256 644 283 Brev.
664 265 716 284 ms.
736 258 957 284 Wintoniense‘?
983 265 1056 284 saec.
1079 255 1122 284 14.
1155 255 1221 283 Cori.
1242 256 1380 283 Oxonion.
1401 255 1522 283 Rawlin.

246 292 357 326 Liturg.
378 301 394 319 e
414 290 439 319 1.
459 292 494 318 D.
518 307 550 310 —
571 294 653 320 Brev.
674 294 861 321 Nidrusiense
878 295 946 328 imp.
966 294 1087 320 Parisiis
1109 291 1188 320 1519.
1208 293 1242 320 E.

319 329 356 355 In
382 327 396 355 1
426 329 511 363 Vesp.
533 328 624 363 Super
643 331 690 357 Ps.
712 329 733 356 A
759 330 831 358 fehlt
848 330 943 364 ABD3
972 330 994 357 O
1019 331 1070 357 hat
1093 332 1163 357 statt
1185 330 1301 357 dessen:
1327 330 1388 356 Ave
1408 328 1522 362 praesul

245 365 372 400 gloriose
390 364 394 400 Ι
409 366 472 392 Ave
491 365 570 392 sidus
586 366 647 400 jam
668 368 790 395 coeleste
811 369 872 399 ete„
892 375 952 394 was
973 369 1036 394 eine
1055 367 1161 394 frenide
1181 367 1301 394 Anieihe
1320 368 1365 393 ist.
1386 381 1423 385 —
1435 365 1520 398 AOD,

246 402 294 428 (lie
313 402 488 429 monastisch
508 403 586 436 sind,
607 404 729 438 bringen
749 404 796 431 die
815 402 861 429 AA
882 412 940 430 von
958 404 1040 431 Noet.
1064 402 1077 430 1
1097 403 1155 431 und
1175 402 1191 429 2
1211 405 1242 431 in
1261 404 1341 431 Noct.
1365 402 1386 435 1,
1408 403 1455 430 die
1474 400 1521 427 ΑΑ

245 447 303 465 von
321 439 404 466 Noct.
425 437 443 466 3
462 440 494 465 in
507 440 589 466 Noct.
609 438 635 466 2.
668 441 760 467 Ihnen
779 440 866 476 stigen
885 449 936 467 zur
948 440 1184 476 Kompletierung
1196 441 1257 473 AD,
1279 441 1340 467 ‹li-ei
1357 439 1522 475 pmsaischo

246 473 293 501 AA
314 475 348 502 de
370 475 519 503 Communi
538 476 639 511 hinzu‚
659 485 773 504 woraus
793 477 1025 512 hervorzugehen
1044 478 1162 505 scheint.
1183 477 1245 504 dass
1265 477 1311 504 die
1330 476 1521 504 monastische

249 513 333 540 Forin
353 513 435 540 nicht
453 512 500 539 die
518 514 740 549 urspriingliehe
758 516 811 548 ist;
834 514 855 541 0
873 514 1058 549 kompletiert
1076 514 1164 541 dure-li
1184 514 1313 549 folgende
1334 514 1394 541 ‹lrei
1415 510 1477 539 AA:

395 558 423 586 4.
442 560 518 585 Aves
539 561 636 586 sancto
659 560 827 592 obaudiunt,
848 559 933 586 Corvi
953 561 1072 586 correcti
1092 559 1210 587 redeunt

442 596 625 630 Lignumque
645 596 734 623 cellae
754 597 880 624 fabricae
899 596 959 623 Nec
977 595 1006 630 (i)
1024 597 1127 623 lectum
1148 598 1244 623 nautis
1264 597 1320 623 fert
1337 604 1423 623 marc.

397 640 422 667 5.
444 641 538 668 Patris
558 642 710 677 benignam
731 643 853 677 gratiam
873 642 1049 677 Linquentes
1068 651 1120 677 per
1139 644 1325 676 septimanam

441 678 531 705 Maris
550 678 623 712 ligat
642 679 799 710 undositas,
820 678 897 705 Dum
916 679 995 713 petit,
1016 678 1049 704 fit
1067 679 1270 712 tranquillum.

396 724 421 751 6.
443 723 483 751 Ut:
500 723 635 750 Elisaeus
655 726 783 751 mortuus
803 724 998 750 Resuscitavit
1015 727 1165 755 mortuum,

440 761 487 787 Ita
507 759 677 787 Cuthbertns
698 762 831 795 aegrotus
851 760 942 787 Sanat
960 760 1202 787 dissenteriacum.

320 807 355 833 In
375 805 400 832 2.
420 807 502 833 Noct.
523 807 602 833 stcllt
619 807 643 833 B
664 807 686 831 A
709 805 723 833 1
743 806 802 834 und
822 805 844 832 A
865 804 882 832 2
901 815 957 832 um.
977 821 1014 825 —
1031 806 1067 833 In
1085 804 1110 833 3.
1131 806 1213 833 Noct.
1234 806 1269 832 ad
1290 807 1410 833 Cantica
1427 806 1522 833 haben

249 844 302 870 AD
322 844 427 871 wieder
447 844 510 870 eine
528 844 701 878 prosaische7
723 844 746 871 C
765 844 812 870 die
830 843 962 878 folgende
981 841 1019 870 A:

470 888 565 923 Hujus
586 890 668 917 vitali
687 890 786 917 funere
804 889 1016 916 Daemoniacus
1036 896 1177 924 aegerque

469 926 650 959 Paralyticus
671 929 847 961 tumensque,
868 926 1010 952 Defomiis
1029 926 1112 953 vultu
1130 926 1260 961 visuque,

468 962 663 997 Diversaeque
682 964 816 990 miseriae
836 962 980 989 Sauantur
998 963 1133 990 membris
1153 965 1312 997 menteque.

246 1007 268 1035 A
289 1007 321 1042 3,
349 1006 366 1035 3
386 1009 549 1035 Virtutibus
569 1011 631 1035 erat
649 1010 814 1036 monachus.
834 1022 871 1027 κ-
888 1009 924 1035 In
943 1008 1035 1035 Laud.
1055 1006 1078 1034 A
1098 1007 1129 1040 3,
1149 1006 1169 1034 4
1187 1008 1311 1035 reddidit
1329 1008 1411 1035 BCE.
1487 1008 1521 1034 In

250 1044 276 1072 2.
296 1046 382 1080 Vesp.
404 1046 440 1072 ad
458 1045 555 1079 Magn.
576 1043 608 1078 A,
629 1044 645 1072 6
665 1045 831 1080 Languidos
850 1045 922 1072 fehlt
938 1045 973 1072 E.

673 1134 717 1164 37.
756 1135 799 1165 De
819 1134 923 1164 sancto
943 1133 1095 1172 Dionysio.

387 1203 433 1234 In
458 1203 488 1234 1.
515 1203 725 1241 vesperis,

247 1262 285 1293 R.
312 1261 345 1294 0*
360 1260 417 1293 fios
443 1263 613 1303 doctorum,

357 1307 500 1347 Dionysi,
525 1316 645 1347 gemma
670 1309 801 1346 decom,

312 1354 388 1385 Alta
410 1354 476 1393 poli
501 1356 604 1385 castra

358 1400 411 1438 qui
434 1408 527 1439 gyras
552 1403 600 1431 ter
625 1400 695 1441 tria,
721 1408 848 1439 quorum

309 1445 475 1486 Empyreis
499 1446 553 1476 uni

354 1501 422 1531 nos,
446 1495 539 1531 pater
562 1492 652 1531 aime,
679 1492 791 1526 choris,

245 1538 281 1569 V.
308 1537 419 1570 Omm's
452 1537 535 1577 lapis
560 1539 721 1577 pretiosus
754 1537 855 1578 operi-

354 1587 496 1616 mentum
517 1587 617 1623 tuum,
643 1594 761 1616 aurum
777 1592 855 1625 opus

356 1631 475 1662 decoris
499 1630 556 1662 tui.

429 1694 474 1721 Ad
493 1694 670 1729 Magnificat.

241 1743 281 1773 A.
306 1742 423 1781 Magna
447 1745 557 1781 potens
581 1741 705 1773 humilis

353 1797 411 1827 per
435 1788 560 1819 saecula
582 1787 801 1827 magnificavit,

308 1836 390 1872 Quos
415 1834 456 1867 ad,
479 1841 575 1872 regna
597 1833 676 1865 fides

353 1881 476 1920 signata
501 1888 611 1910 cruore
634 1879 766 1918 vocavit,

305 1926 429 1958 Eximio
454 1934 583 1965 quorum

351 1982 418 2012 nos,
444 1980 500 2003 rex
524 1975 660 2011 aeterne,
686 1973 815 2010 precatu

304 2020 335 2050 A
358 2022 558 2058 peccatorum

351 2066 507 2097 condenso
532 2065 618 2096 solve
642 2067 740 2096 reatu.

367 2145 428 2177 Ad
442 2143 488 2183 ,M
498 2144 716 2175 atutinum.

436 2199 649 2227 Invitatorium.

303 2248 373 2280 Lux
396 2246 549 2279 matutina

348 2296 421 2327 dum
445 2293 545 2333 surgit
568 2292 698 2332 praevia
722 2292 807 2331 solis,

980 1202 1067 1233 Haec
1090 1201 1183 1234 hodie
1206 1202 1289 1233 trina

1025 1247 1157 1279 conserit
1182 1250 1267 1279 astra
1290 1249 1381 1287 polis.

1043 1321 1089 1352 In
1113 1321 1144 1354 1.
1168 1320 1224 1351 No
1235 1324 1391 1354 cturno.

1122 1374 1310 1409 Antiphonae.

944 1448 949 1453 .
975 1423 1127 1454 Fructum
1150 1422 1227 1460 ligni
1249 1423 1395 1453 salutaris

1021 1469 1090 1499 Viri
1114 1468 1215 1499 sancti
1238 1471 1448 1508 gustaverunt,

978 1514 1050 1545 Voti
1073 1513 1208 1552 fideique
1231 1515 1316 1552 paris

1021 1560 1087 1591 Iter
1106 1561 1223 1599 justum
1247 1560 1400 1593 abierunt.

944 1640 949 1645 .
974 1615 1056 1646 Dum
1080 1616 1113 1646 in
1138 1623 1190 1646 eos
1214 1614 1407 1647 fremuerunt

1021 1661 1137 1693 Gentes
1159 1670 1239 1693 vana
1262 1662 1458 1702 meditantes,

975 1706 1087 1747 Jugum
1111 1709 1219 1739 mortis
1246 1708 1431 1746 diruperunt

1019 1753 1134 1793 Legem
1159 1753 1218 1784 Dei
1241 1755 1469 1793 praedicantes.

941 1832 950 1840 .
974 1808 1153 1840 Tribulatos
1180 1809 1324 1840 dilatavit

1020 1854 1105 1886 Deus
1128 1862 1184 1885 rex
1202 1855 1352 1893 justitiae,

977 1901 1038 1933 Cor
1062 1909 1167 1932 eorum
1192 1901 1382 1940 consignavit

1039 1947 1151 1978 Vultus
1175 1947 1222 1977 sui
1245 1947 1369 1978 lumine.

1111 2010 1315 2046 Responsoria.

942 2086 948 2092 .
974 2058 1121 2090 Ger-mine
1143 2058 1267 2089 sublimi

1018 2105 1187 2145 Dionysius
1211 2108 1297 2136 ortus
1320 2106 1464 2145 Athenis,

972 2151 1131 2191 Fragrans
1154 2159 1241 2182 more
1263 2153 1372 2191 thymi,

1019 2200 1103 2238 Quae
1109 2199 1143 2230 in
1151 2198 1250 2229 hortis
1261 2200 1373 2230 crescit
1380 2200 1517 2232 amoenis

939 2271 947 2279 .
970 2245 1015 2277 Et
1028 2245 1122 2285 Quasi
1132 2245 1191 2283 flos
1202 2254 1351 2277 rosarum
1363 2247 1396 2278 ἰν
1412 2247 1520 2278 diebus

1018 2292 1134 2324 vernis-
