1656 2491
742 40 994 73 &200—

307 136 387 168 Dum
411 136 443 166 in
466 138 572 167 sancto
595 133 765 166 Maximino
965 132 1007 163 Et
1030 132 1164 162 laetatur
1187 138 1245 169 per
1270 133 1300 161 te
1324 138 1394 161 reus

310 183 428 220 corpus
453 181 573 220 fulgore
597 180 699 211 divino
1011 177 1123 208 Funus
1145 176 1339 215 patrociniis.

353 228 556 266 Magdalenae
581 226 699 257 claruit.

1082 267 1126 294 Ad
1144 268 1324 295 Benedictus.

253 294 284 325 2.
309 291 356 323 Tu
380 299 453 323 arca
476 289 652 321 testamenti

357 337 431 369 Cum
451 335 550 375 jubilo
577 336 719 374 deducta,
904 336 941 366 A.
968 334 1155 365 Benedictus
1179 342 1234 365 rex
1258 333 1376 373 gloriae

309 386 432 415 Aurora
455 381 649 422 sacramenti,
1011 379 1053 412 Et
1078 380 1175 411 omnis
1201 380 1278 411 coeli
1302 381 1417 421 concio,

358 429 423 467 Qua
442 429 525 467 justo
550 427 634 458 cedit
656 428 749 468 lucta,
968 426 1168 458 Benedictum
1192 426 1331 457 laetitiae

310 474 419 507 Gratia
441 474 621 512 poenitenti.
1013 472 1141 504 Festum
1166 472 1291 511 dignum
1314 472 1470 511 obsequio,

969 519 1141 551 Benedicta
1166 518 1288 550 devotio

1015 564 1203 596 Benedictae
1225 565 1419 602 Provinciae,

969 613 1062 651 Quam
1089 610 1250 642 benedixit
1271 610 1365 642 hodie

1015 657 1222 697 Magdalenae
1244 657 1417 689 translatio.

253 540 285 571 3.
309 539 357 570 Tu
379 539 485 569 botrus
509 538 682 577 primitivus

357 585 469 616 Terras
496 585 658 622 designans
683 584 824 623 optimas,

309 631 357 663 Tu
378 631 469 669 parvi
491 628 586 661 fontis
609 631 694 661 rivus

360 676 507 708 Crescens
530 676 563 707 in
578 684 672 714 aquas
688 676 847 715 plurimas.

260 743 289 774 4.
316 741 363 773 Tu
387 741 426 772 ad
450 741 549 771 lucem
571 741 696 771 veniens

362 787 472 819 Clausa
494 787 669 825 margarita,

314 833 485 866 Salutarem
508 833 632 871 pariens
1089 840 1133 867 Ad
1151 839 1326 875 Mag-nificat.

360 879 509 910 Fructum
532 878 703 917 balsamita,
904 897 933 928 A

313 925 362 957 Ex
385 928 417 956 te
440 926 538 956 virtus
562 924 666 955 exiens

360 970 484 1010 Probat,
510 970 590 1009 quod
615 971 654 1001 sit
677 970 731 1002 ita.

1039 768 1085 799 In
1109 769 1140 799 2.
1166 767 1376 806 Vesperis.

937 922 944 929 .
971 897 995 928 O
1009 905 1098 935 quam
1110 894 1194 931 felix,
1214 906 1303 935 quam
1319 897 1512 929 delectabilis

971 942 1046 973 Dies
1070 943 1139 981 ista,
1165 951 1256 982 quam
1280 944 1475 983 venerabilis,

971 989 1166 1028 Magdalena,
1192 987 1248 1020 flos
1267 989 1339 1021 novi
1355 990 1509 1029 geminss,

259 1036 288 1067 5.
316 1035 473 1067 Gloriatur
494 1034 527 1065 in
551 1038 582 1065 te
604 1034 688 1065 Deus
972 1034 1140 1065 Revelatur
1165 1036 1195 1065 et
1218 1038 1359 1074 gustatur

360 1079 501 1112 Affiuens
526 1080 655 1118 delieiis,
971 1080 1141 1111 Multitudo
1166 1080 1348 1113 dulcedinis.

325 1154 405 1180 Brev.
429 1161 479 1179 ms.
499 1152 630 1187 Aquensn
657 1159 729 1178 saee-
751 1150 792 1178 15.
827 1152 893 1179 Cod.
913 1153 1050 1180 Parisieu.
1069 1151 1148 1180 1061.
1168 1152 1202 1180 Α.
1221 1168 1259 1173 -
1277 1154 1361 1181 Brev.
1380 1156 1512 1190 Aquensc·

253 1192 319 1225 imp.
349 1189 481 1224 Lugduni·
512 1187 591 1216 1526.
624 1190 653 1216 Β.
678 1204 715 1208 -
738 1189 818 1215 Brev.
845 1189 970 1224 Aptense
997 1191 1064 1224 imp.
1090 1190 1223 1224 Lugduni
1254 1189 1333 1218 1532.
1362 1192 1392 1219 C.
1416 1207 1449 1212 —
1480 1193 1514 1220 In

254 1227 334 1254 Ntvct.
362 1225 381 1251 Β
410 1224 437 1257 1,
467 1226 483 1252 7
510 1226 550 1253 Ut
573 1226 643 1252 fehlt
663 1225 693 1252 G.
719 1239 753 1244 =-—
780 1224 799 1251 R
828 1224 854 1259 1,
881 1223 898 1252 8
923 1226 1008 1253 corda
1031 1226 1103 1253 fehlt
1125 1227 1159 1254 A.
1187 1241 1220 1245 -—
1240 1228 1298 1255 Die
1322 1229 1515 1265 zugeliorigen

251 1264 382 1297 Hymnen
401 1263 458 1297 vgl.
478 1263 616 1290 Analecta
634 1261 699 1294 XII,
719 1270 746 1297 p.
769 1260 829 1290 164.

665 1407 709 1436 77.
747 1406 789 1436 De
808 1407 911 1437 sancto
930 1407 1094 1438 Maurento.

390 1484 433 1514 In
460 1483 488 1516 1·
516 1483 719 1521 VOSPeriS.
1040 1486 1085 1516 In
1113 1486 1141 1518 1.
1167 1485 1386 1520 Nocturno.

437 1546 481 1573 Ad
498 1545 671 1581 Mag-nificat.
1117 1569 1307 1604 Antiphonae·

252 1604 292 1636 A.
317 1604 341 1635 O
365 1602 455 1634 beate
476 1601 651 1642 Mauronte,
1007 1634 1013 1639 ,
1080 1634 1087 1639 ,

320 1648 360 1680 ad
384 1650 504 1680 nostras
527 1649 749 1680 modulationes
922 1633 949 1664 1·
978 1632 1033 1664 VH*
1056 1643 1125 1672 PluS
1149 1638 1242 1688 atqu?
1263 1644 1352 1668 Sacer

319 1698 352 1726 tu
374 1695 495 1734 respice
1019 1679 1202 1733 Maurontus
1225 1691 1296 1721 Jure
1318 1682 1463 1724 refulget,

318 1744 349 1772 ct
371 1741 451 1772 hanc
472 1740 594 1780 plebem
975 1725 1056 1756 Dum
1080 1725 1155 1758 fidel
1177 1729 1278 1767 pretio

320 1790 352 1818 te
374 1785 562 1827 flagitantem
1025 1771 1170 1813 dederat,
1209 1775 1291 1813 quoti
1325 1775 1471 1814 habebat,

319 1836 416 1872 tuere,
1301 1823 1424 1854 Amato.

320 1881 467 1918 quatenus
491 1880 552 1910 tuis
575 1879 721 1911 subsidiis

558 1927 563 1932 Ι
634 1927 640 1932 Ι
922 1892 951 1923 2.
977 1891 1043 1924 Hos
1067 1891 1208 1925 fremitus
1234 1899 1265 1926 et
1288 1905 1363 1935 opes

321 1928 413 1964 queat
435 1924 503 1957 fore
524 1927 710 1965 tripudians.

1026 1940 1179 1972 meditans
1195 1942 1378 1974 Maurontus
1402 1945 1520 1984 inanes,

977 1984 1181 2026 Disrumpens
1206 1988 1341 2020 vinclum

384 2027 443 2059 Ad
467 2028 725 2061 Matutinum.
1022 2039 1125 2071 regem
1147 2035 1300 2072 processit
1322 2036 1363 2068 ad
1386 2047 1488 2070 unum.

452 2092 660 2119 Invitatorium.
923 2106 954 2137 3.
980 2104 1088 2138 Gloria
1112 2115 1180 2139 cum
1204 2111 1325 2149 superis

321 2148 493 2201 Jubilemus
517 2149 640 2182 Christo
664 2151 729 2191 regi
1025 2152 1224 2186 Maurentum
1241 2157 1359 2189 exaltat
1373 2158 1404 2190 in
1420 2161 1522 2200 astriS‚

320 2197 357 2227 In
381 2195 463 2227 beatl
489 2195 671 2228 confessoris
982 2198 1039 2237 Qui
1063 2208 1119 2233 sua
1140 2201 1242 2234 dando
1266 2204 1351 2243 pium

322 2241 524 2274 Solemnitate
546 2243 713 2277 Maurontj.
1028 2246 1080 2285 pie
1101 2248 1166 2287 jam
1190 2250 1328 2290 suscepit
1351 2253 1506 2290 Amatum,
