<?xml version="1.0" encoding="UTF-8"?>
<!DOCTYPE html PUBLIC "-//W3C//DTD XHTML 1.0 Transitional//EN"
    "http://www.w3.org/TR/xhtml1/DTD/xhtml1-transitional.dtd">
<html xmlns="http://www.w3.org/1999/xhtml" xml:lang="en" lang="en">
 <head>
  <title>
</title>
<meta http-equiv="Content-Type" content="text/html;charset=utf-8" />
  <meta name='ocr-system' content='tesseract 3.04.00' />
  <meta name='ocr-capabilities' content='ocr_page ocr_carea ocr_par ocr_line ocrx_word'/>
</head>
<body>
  <div class='ocr_page' id='page_1' title='image "./analectahymnica13drevuoft_00173.png"; bbox 0 0 1656 2491; ppageno 0'>
   <div class='ocr_carea' id='block_1_1' title="bbox 709 80 962 114">
    <p class='ocr_par' dir='ltr' id='par_1_1' title="bbox 709 80 962 114">
     <span class='ocr_line' id='line_1_1' title="bbox 709 80 962 114; baseline 0 0"><span class='ocrx_word' id='word_1_1' title='bbox 709 80 962 114; x_wconf 75' lang='lat'>-170—</span> 
     </span>
    </p>
   </div>
   <div class='ocr_carea' id='block_1_2' title="bbox 228 177 605 216">
    <p class='ocr_par' dir='ltr' id='par_1_2' title="bbox 228 177 605 216">
     <span class='ocr_line' id='line_1_2' title="bbox 228 177 605 216; baseline -0.019 -3"><span class='ocrx_word' id='word_1_2' title='bbox 228 205 237 213; x_wconf 93' lang='lat'><strong><em>.</em></strong></span> <span class='ocrx_word' id='word_1_3' title='bbox 263 180 328 216; x_wconf 74' lang='lat' dir='ltr'>Quo</span> <span class='ocrx_word' id='word_1_4' title='bbox 353 179 412 210; x_wconf 84' lang='lat' dir='ltr'>sibi</span> <span class='ocrx_word' id='word_1_5' title='bbox 435 177 512 208; x_wconf 85' lang='lat' dir='ltr'>flore</span> <span class='ocrx_word' id='word_1_6' title='bbox 534 178 605 208; x_wconf 82' lang='lat' dir='ltr'>dato</span> 
     </span>
    </p>
   </div>
   <div class='ocr_carea' id='block_1_3' title="bbox 1042 167 1285 194">
    <p class='ocr_par' dir='ltr' id='par_1_3' title="bbox 1042 167 1285 194">
     <span class='ocr_line' id='line_1_3' title="bbox 1042 167 1285 194; baseline -0.004 0"><span class='ocrx_word' id='word_1_7' title='bbox 1042 168 1087 194; x_wconf 69' lang='lat' dir='ltr'>Ad</span> <span class='ocrx_word' id='word_1_8' title='bbox 1104 167 1285 194; x_wconf 67' lang='lat' dir='ltr'>Benedictus.</span> 
     </span>
    </p>
   </div>
   <div class='ocr_carea' id='block_1_4' title="bbox 310 220 1232 261">
    <p class='ocr_par' dir='ltr' id='par_1_4' title="bbox 310 220 1232 261">
     <span class='ocr_line' id='line_1_4' title="bbox 310 220 1232 261; baseline -0.003 -6"><span class='ocrx_word' id='word_1_9' title='bbox 310 224 450 255; x_wconf 86' lang='lat' dir='ltr'>rediviva</span> <span class='ocrx_word' id='word_1_10' title='bbox 476 223 580 253; x_wconf 86' lang='lat' dir='ltr'>virens</span> <span class='ocrx_word' id='word_1_11' title='bbox 603 220 690 259; x_wconf 82' lang='lat' dir='ltr'>prius</span> <span class='ocrx_word' id='word_1_12' title='bbox 715 226 806 249; x_wconf 71' lang='lat' dir='ltr'>arens</span> <span class='ocrx_word' id='word_1_13' title='bbox 861 227 901 257; x_wconf 94' lang='lat' dir='ltr'>A.</span> <span class='ocrx_word' id='word_1_14' title='bbox 927 224 951 255; x_wconf 93' lang='lat' dir='ltr'>O</span> <span class='ocrx_word' id='word_1_15' title='bbox 976 222 1122 254; x_wconf 79' lang='lat' dir='ltr'>navitatis</span> <span class='ocrx_word' id='word_1_16' title='bbox 1147 231 1232 261; x_wconf 82' lang='lat' dir='ltr'>opus,</span> 
     </span>
    </p>
   </div>
   <div class='ocr_carea' id='block_1_5' title="bbox 266 269 681 353">
    <p class='ocr_par' dir='ltr' id='par_1_5' title="bbox 266 269 681 353">
     <span class='ocr_line' id='line_1_5' title="bbox 266 269 573 307; baseline -0.013 -7"><span class='ocrx_word' id='word_1_17' title='bbox 266 270 363 300; x_wconf 85' lang='lat' dir='ltr'>Prece</span> <span class='ocrx_word' id='word_1_18' title='bbox 387 269 463 307; x_wconf 88' lang='lat' dir='ltr'>viro,</span> <span class='ocrx_word' id='word_1_19' title='bbox 489 269 573 306; x_wconf 82' lang='lat' dir='ltr'>nato,</span> 
     </span>
     <span class='ocr_line' id='line_1_6' title="bbox 309 314 681 353; baseline -0.011 -8"><span class='ocrx_word' id='word_1_20' title='bbox 309 314 385 353; x_wconf 79' lang='lat' dir='ltr'>filia,</span> <span class='ocrx_word' id='word_1_21' title='bbox 408 320 532 351; x_wconf 80' lang='lat' dir='ltr'>sponsa,</span> <span class='ocrx_word' id='word_1_22' title='bbox 556 318 681 348; x_wconf 81' lang='lat' dir='ltr'>parens.</span> 
     </span>
    </p>
   </div>
   <div class='ocr_carea' id='block_1_6' title="bbox 353 399 646 494">
    <p class='ocr_par' dir='ltr' id='par_1_6' title="bbox 353 399 646 494">
     <span class='ocr_line' id='line_1_7' title="bbox 353 399 646 434; baseline -0.014 0"><span class='ocrx_word' id='word_1_23' title='bbox 353 403 370 434; x_wconf 81' lang='lat'>1</span> <span class='ocrx_word' id='word_1_24' title='bbox 377 412 399 433; x_wconf 91' lang='lat' dir='ltr'>n</span> <span class='ocrx_word' id='word_1_25' title='bbox 422 401 450 432; x_wconf 88' lang='lat' dir='ltr'>L</span> <span class='ocrx_word' id='word_1_26' title='bbox 460 410 507 432; x_wconf 83' lang='lat' dir='ltr'>au</span> <span class='ocrx_word' id='word_1_27' title='bbox 516 401 533 431; x_wconf 88' lang='lat' dir='ltr'>d</span> <span class='ocrx_word' id='word_1_28' title='bbox 542 401 554 431; x_wconf 86' lang='lat' dir='ltr'>i</span> <span class='ocrx_word' id='word_1_29' title='bbox 563 399 582 430; x_wconf 88' lang='lat' dir='ltr'>b</span> <span class='ocrx_word' id='word_1_30' title='bbox 592 410 614 430; x_wconf 85' lang='lat' dir='ltr'>u</span> <span class='ocrx_word' id='word_1_31' title='bbox 621 410 646 431; x_wconf 87' lang='lat' dir='ltr'>s.</span> 
     </span>
     <span class='ocr_line' id='line_1_8' title="bbox 407 458 598 494; baseline -0.01 -9"><span class='ocrx_word' id='word_1_32' title='bbox 407 458 598 494; x_wconf 79' lang='lat' dir='ltr'>Antiphonae.</span> 
     </span>
    </p>
   </div>
   <div class='ocr_carea' id='block_1_7' title="bbox 230 510 809 881">
    <p class='ocr_par' dir='ltr' id='par_1_7' title="bbox 230 510 809 881">
     <span class='ocr_line' id='line_1_9' title="bbox 230 510 606 544; baseline -0.013 1"><span class='ocrx_word' id='word_1_33' title='bbox 230 537 237 544; x_wconf 95' lang='lat'>.</span> <span class='ocrx_word' id='word_1_34' title='bbox 264 511 424 544; x_wconf 82' lang='lat' dir='ltr'>Laudibus</span> <span class='ocrx_word' id='word_1_35' title='bbox 448 510 606 540; x_wconf 83' lang='lat' dir='ltr'><strong>immensis</strong></span> 
     </span>
     <span class='ocr_line' id='line_1_10' title="bbox 310 554 809 595; baseline -0.006 -8"><span class='ocrx_word' id='word_1_36' title='bbox 310 565 468 595; x_wconf 79' lang='lat' dir='ltr'>resonans,</span> <span class='ocrx_word' id='word_1_37' title='bbox 481 555 571 595; x_wconf 73' lang='lat' dir='ltr'>plebs</span> <span class='ocrx_word' id='word_1_38' title='bbox 580 554 809 592; x_wconf 81' lang='lat' dir='ltr'>AmbianensiS,</span> 
     </span>
     <span class='ocr_line' id='line_1_11' title="bbox 266 600 614 634; baseline -0.009 0"><span class='ocrx_word' id='word_1_39' title='bbox 266 603 371 634; x_wconf 83' lang='lat' dir='ltr'>Patris</span> <span class='ocrx_word' id='word_1_40' title='bbox 394 603 427 632; x_wconf 86' lang='lat' dir='ltr'>in</span> <span class='ocrx_word' id='word_1_41' title='bbox 451 602 511 633; x_wconf 83' lang='lat' dir='ltr'>hoo</span> <span class='ocrx_word' id='word_1_42' title='bbox 534 600 614 632; x_wconf 83' lang='lat' dir='ltr'>festo</span> 
     </span>
     <span class='ocr_line' id='line_1_12' title="bbox 312 646 670 680; baseline 0 -1"><span class='ocrx_word' id='word_1_43' title='bbox 312 648 404 679; x_wconf 85' lang='lat' dir='ltr'>solito</span> <span class='ocrx_word' id='word_1_44' title='bbox 429 646 571 679; x_wconf 84' lang='lat' dir='ltr'>festivior</span> <span class='ocrx_word' id='word_1_45' title='bbox 595 650 670 680; x_wconf 80' lang='lat' dir='ltr'>esto,</span> 
     </span>
     <span class='ocr_line' id='line_1_13' title="bbox 233 703 719 742; baseline -0.002 -7"><span class='ocrx_word' id='word_1_46' title='bbox 233 729 240 736; x_wconf 92' lang='lat'><em>.</em></span> <span class='ocrx_word' id='word_1_47' title='bbox 265 703 328 734; x_wconf 81' lang='lat' dir='ltr'>Hic</span> <span class='ocrx_word' id='word_1_48' title='bbox 352 703 460 741; x_wconf 78' lang='lat' dir='ltr'>caeeis,</span> <span class='ocrx_word' id='word_1_49' title='bbox 486 703 600 742; x_wconf 84' lang='lat' dir='ltr'>surdis,</span> <span class='ocrx_word' id='word_1_50' title='bbox 625 703 719 734; x_wconf 81' lang='lat' dir='ltr'>mutis</span> 
     </span>
     <span class='ocr_line' id='line_1_14' title="bbox 313 749 587 788; baseline -0.007 -7"><span class='ocrx_word' id='word_1_51' title='bbox 313 750 456 788; x_wconf 87' lang='lat' dir='ltr'>omnique</span> <span class='ocrx_word' id='word_1_52' title='bbox 479 749 587 781; x_wconf 83' lang='lat' dir='ltr'>solutis</span> 
     </span>
     <span class='ocr_line' id='line_1_15' title="bbox 266 795 584 836; baseline -0.003 -9"><span class='ocrx_word' id='word_1_53' title='bbox 266 795 448 827; x_wconf 85' lang='lat' dir='ltr'>Morborum</span> <span class='ocrx_word' id='word_1_54' title='bbox 473 803 584 836; x_wconf 86' lang='lat' dir='ltr'>genere</span> 
     </span>
     <span class='ocr_line' id='line_1_16' title="bbox 311 842 763 881; baseline -0.004 -8"><span class='ocrx_word' id='word_1_55' title='bbox 311 842 422 874; x_wconf 85' lang='lat' dir='ltr'>tribuit</span> <span class='ocrx_word' id='word_1_56' title='bbox 445 842 531 874; x_wconf 87' lang='lat' dir='ltr'>velut</span> <span class='ocrx_word' id='word_1_57' title='bbox 554 844 624 873; x_wconf 86' lang='lat' dir='ltr'>ante</span> <span class='ocrx_word' id='word_1_58' title='bbox 652 842 763 881; x_wconf 83' lang='lat' dir='ltr'>vigere.</span> 
     </span>
    </p>
   </div>
   <div class='ocr_carea' id='block_1_8' title="bbox 234 897 783 1074">
    <p class='ocr_par' dir='ltr' id='par_1_8' title="bbox 234 897 618 939">
     <span class='ocr_line' id='line_1_17' title="bbox 234 897 618 939; baseline -0.008 -9"><span class='ocrx_word' id='word_1_59' title='bbox 234 921 241 930; x_wconf 84' lang='lat'><strong><em>.</em></strong></span> <span class='ocrx_word' id='word_1_60' title='bbox 270 897 409 936; x_wconf 85' lang='lat' dir='ltr'>Corpora</span> <span class='ocrx_word' id='word_1_61' title='bbox 432 899 618 939; x_wconf 82' lang='lat' dir='ltr'>sanctorum,</span> 
     </span>
    </p>

    <p class='ocr_par' dir='ltr' id='par_1_9' title="bbox 268 943 783 1027">
     <span class='ocr_line' id='line_1_18' title="bbox 315 943 783 983; baseline 0.002 -10"><span class='ocrx_word' id='word_1_62' title='bbox 315 952 393 983; x_wconf 83' lang='lat' dir='ltr'>quae</span> <span class='ocrx_word' id='word_1_63' title='bbox 417 944 522 974; x_wconf 82' lang='lat' dir='ltr'>clausa</span> <span class='ocrx_word' id='word_1_64' title='bbox 547 943 601 975; x_wconf 87' lang='lat' dir='ltr'>diu</span> <span class='ocrx_word' id='word_1_65' title='bbox 623 945 783 975; x_wconf 79' lang='lat' dir='ltr'>latuerunt</span> 
     </span>
     <span class='ocr_line' id='line_1_19' title="bbox 268 989 650 1027; baseline -0.003 -6"><span class='ocrx_word' id='word_1_66' title='bbox 268 990 304 1021; x_wconf 94' lang='lat' dir='ltr'>In</span> <span class='ocrx_word' id='word_1_67' title='bbox 329 989 457 1021; x_wconf 66' lang='lat' dir='ltr'>latebris</span> <span class='ocrx_word' id='word_1_68' title='bbox 482 997 650 1027; x_wconf 84' lang='lat' dir='ltr'>nemorum,</span> 
     </span>
    </p>

    <p class='ocr_par' dir='ltr' id='par_1_10' title="bbox 314 1035 758 1074">
     <span class='ocr_line' id='line_1_20' title="bbox 314 1035 758 1074; baseline 0.002 -7"><span class='ocrx_word' id='word_1_69' title='bbox 314 1037 414 1067; x_wconf 79' lang='lat' dir='ltr'>sancti</span> <span class='ocrx_word' id='word_1_70' title='bbox 438 1035 557 1067; x_wconf 77' lang='lat' dir='ltr'>meritis</span> <span class='ocrx_word' id='word_1_71' title='bbox 581 1038 758 1074; x_wconf 76' lang='lat' dir='ltr'>patuerunt.</span> 
     </span>
    </p>
   </div>
   <div class='ocr_carea' id='block_1_9' title="bbox 237 1091 816 1269">
    <p class='ocr_par' dir='ltr' id='par_1_11' title="bbox 237 1091 496 1130">
     <span class='ocr_line' id='line_1_21' title="bbox 237 1091 496 1130; baseline -0.012 -6"><span class='ocrx_word' id='word_1_72' title='bbox 237 1117 243 1124; x_wconf 94' lang='lat'><em>.</em></span> <span class='ocrx_word' id='word_1_73' title='bbox 268 1091 383 1122; x_wconf 82' lang='lat' dir='ltr'>Exusti</span> <span class='ocrx_word' id='word_1_74' title='bbox 406 1092 496 1130; x_wconf 83' lang='lat' dir='ltr'>pueri</span> 
     </span>
    </p>

    <p class='ocr_par' dir='ltr' id='par_1_12' title="bbox 272 1135 816 1222">
     <span class='ocr_line' id='line_1_22' title="bbox 314 1135 816 1176; baseline -0.002 -8"><span class='ocrx_word' id='word_1_75' title='bbox 314 1145 372 1176; x_wconf 84' lang='lat' dir='ltr'>per</span> <span class='ocrx_word' id='word_1_76' title='bbox 395 1145 507 1176; x_wconf 84' lang='lat' dir='ltr'>aquam</span> <span class='ocrx_word' id='word_1_77' title='bbox 529 1137 607 1168; x_wconf 83' lang='lat' dir='ltr'>cutis</span> <span class='ocrx_word' id='word_1_78' title='bbox 625 1137 715 1168; x_wconf 85' lang='lat' dir='ltr'>arida</span> <span class='ocrx_word' id='word_1_79' title='bbox 731 1135 816 1168; x_wconf 82' lang='lat' dir='ltr'>facta</span> 
     </span>
     <span class='ocr_line' id='line_1_23' title="bbox 272 1182 632 1222; baseline -0.003 -7"><span class='ocrx_word' id='word_1_80' title='bbox 272 1183 354 1215; x_wconf 84' lang='lat' dir='ltr'>Sana</span> <span class='ocrx_word' id='word_1_81' title='bbox 376 1192 435 1222; x_wconf 86' lang='lat' dir='ltr'>per</span> <span class='ocrx_word' id='word_1_82' title='bbox 458 1184 540 1215; x_wconf 86' lang='lat' dir='ltr'>hunc</span> <span class='ocrx_word' id='word_1_83' title='bbox 563 1182 632 1215; x_wconf 85' lang='lat' dir='ltr'>fieri</span> 
     </span>
    </p>

    <p class='ocr_par' dir='ltr' id='par_1_13' title="bbox 315 1231 780 1269">
     <span class='ocr_line' id='line_1_24' title="bbox 315 1231 780 1269; baseline -0.002 -8"><span class='ocrx_word' id='word_1_84' title='bbox 315 1231 430 1261; x_wconf 82' lang='lat' dir='ltr'>meruit</span> <span class='ocrx_word' id='word_1_85' title='bbox 452 1232 523 1268; x_wconf 80' lang='lat' dir='ltr'>post</span> <span class='ocrx_word' id='word_1_86' title='bbox 544 1232 619 1261; x_wconf 80' lang='lat' dir='ltr'>vota</span> <span class='ocrx_word' id='word_1_87' title='bbox 641 1232 780 1269; x_wconf 77' lang='lat' dir='ltr'>peracta.</span> 
     </span>
    </p>
   </div>
   <div class='ocr_carea' id='block_1_10' title="bbox 238 1285 785 1462">
    <p class='ocr_par' dir='ltr' id='par_1_14' title="bbox 238 1285 785 1462">
     <span class='ocr_line' id='line_1_25' title="bbox 238 1285 639 1324; baseline -0.007 -5"><span class='ocrx_word' id='word_1_88' title='bbox 238 1311 247 1319; x_wconf 90' lang='lat'><strong>.</strong></span> <span class='ocrx_word' id='word_1_89' title='bbox 272 1285 412 1324; x_wconf 79' lang='lat' dir='ltr'>Femina,</span> <span class='ocrx_word' id='word_1_90' title='bbox 439 1294 517 1324; x_wconf 83' lang='lat' dir='ltr'>quae</span> <span class='ocrx_word' id='word_1_91' title='bbox 543 1285 639 1317; x_wconf 88' lang='lat' dir='ltr'>voluit</span> 
     </span>
     <span class='ocr_line' id='line_1_26' title="bbox 318 1331 785 1371; baseline 0.002 -10"><span class='ocrx_word' id='word_1_92' title='bbox 318 1331 505 1363; x_wconf 81' lang='lat' dir='ltr'>contendere</span> <span class='ocrx_word' id='word_1_93' title='bbox 528 1333 661 1371; x_wconf 86' lang='lat' dir='ltr'>votaque</span> <span class='ocrx_word' id='word_1_94' title='bbox 683 1331 785 1371; x_wconf 80' lang='lat' dir='ltr'>fregit,</span> 
     </span>
     <span class='ocr_line' id='line_1_27' title="bbox 273 1377 530 1416; baseline -0.004 -8"><span class='ocrx_word' id='word_1_95' title='bbox 273 1377 394 1415; x_wconf 79' lang='lat' dir='ltr'>Optatis</span> <span class='ocrx_word' id='word_1_96' title='bbox 421 1377 530 1416; x_wconf 76' lang='lat' dir='ltr'>caruit,</span> 
     </span>
     <span class='ocr_line' id='line_1_28' title="bbox 319 1423 773 1462; baseline 0 -9"><span class='ocrx_word' id='word_1_97' title='bbox 319 1423 418 1454; x_wconf 82' lang='lat' dir='ltr'>donec</span> <span class='ocrx_word' id='word_1_98' title='bbox 438 1423 524 1460; x_wconf 84' lang='lat' dir='ltr'>prius</span> <span class='ocrx_word' id='word_1_99' title='bbox 549 1425 620 1453; x_wconf 83' lang='lat' dir='ltr'>acta</span> <span class='ocrx_word' id='word_1_100' title='bbox 642 1423 773 1462; x_wconf 77' lang='lat' dir='ltr'><strong>peregit.</strong></span> 
     </span>
    </p>
   </div>
   <div class='ocr_carea' id='block_1_11' title="bbox 281 1482 908 1520">
    <p class='ocr_par' dir='ltr' id='par_1_15' title="bbox 281 1482 908 1520">
     <span class='ocr_line' id='line_1_29' title="bbox 281 1482 908 1520; baseline -0.002 -9"><span class='ocrx_word' id='word_1_101' title='bbox 281 1485 365 1511; x_wconf 81' lang='lat' dir='ltr'>Brev.</span> <span class='ocrx_word' id='word_1_102' title='bbox 385 1485 578 1512; x_wconf 83' lang='lat' dir='ltr'>Ambianense</span> <span class='ocrx_word' id='word_1_103' title='bbox 597 1486 665 1520; x_wconf 85' lang='lat' dir='ltr'>imp.</span> <span class='ocrx_word' id='word_1_104' title='bbox 685 1485 805 1512; x_wconf 81' lang='lat' dir='ltr'>Parisiis</span> <span class='ocrx_word' id='word_1_105' title='bbox 828 1482 908 1511; x_wconf 81' lang='lat'>1554.</span> 
     </span>
    </p>
   </div>
   <div class='ocr_carea' id='block_1_12' title="bbox 930 267 1473 582">
    <p class='ocr_par' dir='ltr' id='par_1_16' title="bbox 930 267 1427 352">
     <span class='ocr_line' id='line_1_30' title="bbox 975 267 1427 306; baseline -0.007 -6"><span class='ocrx_word' id='word_1_106' title='bbox 975 267 1114 300; x_wconf 83' lang='lat' dir='ltr'>defuncti</span> <span class='ocrx_word' id='word_1_107' title='bbox 1138 276 1249 306; x_wconf 81' lang='lat' dir='ltr'>corpus</span> <span class='ocrx_word' id='word_1_108' title='bbox 1273 268 1427 298; x_wconf 83' lang='lat' dir='ltr'>honorans</span> 
     </span>
     <span class='ocr_line' id='line_1_31' title="bbox 930 314 1295 352; baseline -0.014 -6"><span class='ocrx_word' id='word_1_109' title='bbox 930 315 1014 346; x_wconf 84' lang='lat' dir='ltr'>Crux</span> <span class='ocrx_word' id='word_1_110' title='bbox 1039 316 1132 352; x_wconf 72' lang='lat' dir='ltr'>eaput</span> <span class='ocrx_word' id='word_1_111' title='bbox 1154 314 1295 350; x_wconf 76' lang='lat' dir='ltr'>inclinat,</span> 
     </span>
    </p>

    <p class='ocr_par' dir='ltr' id='par_1_17' title="bbox 930 357 1473 443">
     <span class='ocr_line' id='line_1_32' title="bbox 975 357 1473 395; baseline -0.008 -4"><span class='ocrx_word' id='word_1_112' title='bbox 975 362 1115 391; x_wconf 79' lang='lat' dir='ltr'>sanctum</span> <span class='ocrx_word' id='word_1_113' title='bbox 1129 360 1308 390; x_wconf 78' lang='lat' dir='ltr'>reverenter</span> <span class='ocrx_word' id='word_1_114' title='bbox 1322 357 1473 395; x_wconf 79' lang='lat' dir='ltr'>adorans3</span> 
     </span>
     <span class='ocr_line' id='line_1_33' title="bbox 930 403 1293 443; baseline -0.011 -5"><span class='ocrx_word' id='word_1_115' title='bbox 930 406 994 438; x_wconf 78' lang='lat' dir='ltr'>Res</span> <span class='ocrx_word' id='word_1_116' title='bbox 1018 403 1184 436; x_wconf 81' lang='lat' dir='ltr'>manifesta</span> <span class='ocrx_word' id='word_1_117' title='bbox 1207 406 1293 443; x_wconf 85' lang='lat' dir='ltr'>patet</span> 
     </span>
    </p>

    <p class='ocr_par' dir='ltr' id='par_1_18' title="bbox 932 449 1419 536">
     <span class='ocr_line' id='line_1_34' title="bbox 975 449 1419 487; baseline -0.007 -4"><span class='ocrx_word' id='word_1_118' title='bbox 975 460 1034 483; x_wconf 82' lang='lat' dir='ltr'>nec</span> <span class='ocrx_word' id='word_1_119' title='bbox 1057 451 1157 483; x_wconf 83' lang='lat' dir='ltr'>sancti</span> <span class='ocrx_word' id='word_1_120' title='bbox 1179 449 1264 481; x_wconf 84' lang='lat' dir='ltr'>fama</span> <span class='ocrx_word' id='word_1_121' title='bbox 1287 449 1419 487; x_wconf 77' lang='lat' dir='ltr'>laborat,</span> 
     </span>
     <span class='ocr_line' id='line_1_35' title="bbox 932 496 1311 536; baseline -0.008 -7"><span class='ocrx_word' id='word_1_122' title='bbox 932 498 1003 530; x_wconf 84' lang='lat' dir='ltr'>Non</span> <span class='ocrx_word' id='word_1_123' title='bbox 1026 506 1104 536; x_wconf 86' lang='lat' dir='ltr'>opus</span> <span class='ocrx_word' id='word_1_124' title='bbox 1129 499 1177 528; x_wconf 83' lang='lat' dir='ltr'>est</span> <span class='ocrx_word' id='word_1_125' title='bbox 1198 496 1311 536; x_wconf 86' lang='lat' dir='ltr'>verbis,</span> 
     </span>
    </p>

    <p class='ocr_par' dir='ltr' id='par_1_19' title="bbox 977 543 1455 582">
     <span class='ocr_line' id='line_1_36' title="bbox 977 543 1455 582; baseline -0.002 -8"><span class='ocrx_word' id='word_1_126' title='bbox 977 543 1031 575; x_wconf 87' lang='lat' dir='ltr'>ubi</span> <span class='ocrx_word' id='word_1_127' title='bbox 1054 551 1105 574; x_wconf 84' lang='lat' dir='ltr'>res</span> <span class='ocrx_word' id='word_1_128' title='bbox 1129 544 1197 574; x_wconf 84' lang='lat' dir='ltr'>sine</span> <span class='ocrx_word' id='word_1_129' title='bbox 1219 550 1296 574; x_wconf 78' lang='lat' dir='ltr'>voce</span> <span class='ocrx_word' id='word_1_130' title='bbox 1318 544 1455 582; x_wconf 74' lang='lat' dir='ltr'>perorat.</span> 
     </span>
    </p>
   </div>
   <div class='ocr_carea' id='block_1_13' title="bbox 1003 654 1345 752">
    <p class='ocr_par' dir='ltr' id='par_1_20' title="bbox 1003 654 1345 752">
     <span class='ocr_line' id='line_1_37' title="bbox 1003 654 1345 693; baseline -0.003 -7"><span class='ocrx_word' id='word_1_131' title='bbox 1003 655 1049 686; x_wconf 89' lang='lat' dir='ltr'>In</span> <span class='ocrx_word' id='word_1_132' title='bbox 1075 656 1105 686; x_wconf 86' lang='lat'>2.</span> <span class='ocrx_word' id='word_1_133' title='bbox 1132 654 1345 693; x_wconf 82' lang='lat' dir='ltr'>Vesperis.</span> 
     </span>
     <span class='ocr_line' id='line_1_38' title="bbox 1053 717 1292 752; baseline -0.008 -7"><span class='ocrx_word' id='word_1_134' title='bbox 1053 718 1097 745; x_wconf 82' lang='lat' dir='ltr'>Ad</span> <span class='ocrx_word' id='word_1_135' title='bbox 1117 717 1292 752; x_wconf 56' lang='lat' dir='ltr'>Magfffifieat.</span> 
     </span>
    </p>
   </div>
   <div class='ocr_carea' id='block_1_14' title="bbox 902 774 1309 808">
    <p class='ocr_par' dir='ltr' id='par_1_21' title="bbox 902 774 1309 808">
     <span class='ocr_line' id='line_1_39' title="bbox 902 774 1309 808; baseline -0.01 0"><span class='ocrx_word' id='word_1_136' title='bbox 902 802 908 808; x_wconf 92' lang='lat'><em>.</em></span> <span class='ocrx_word' id='word_1_137' title='bbox 933 774 1092 807; x_wconf 78' lang='lat' dir='ltr'>Glorietur</span> <span class='ocrx_word' id='word_1_138' title='bbox 1114 775 1149 805; x_wconf 88' lang='lat' dir='ltr'>in</span> <span class='ocrx_word' id='word_1_139' title='bbox 1173 774 1233 805; x_wconf 78' lang='lat' dir='ltr'>hae</span> <span class='ocrx_word' id='word_1_140' title='bbox 1257 774 1309 805; x_wconf 86' lang='lat' dir='ltr'>die</span> 
     </span>
    </p>
   </div>
   <div class='ocr_carea' id='block_1_15' title="bbox 936 820 1474 1453">
    <p class='ocr_par' dir='ltr' id='par_1_22' title="bbox 936 820 1474 1453">
     <span class='ocr_line' id='line_1_40' title="bbox 977 820 1317 861; baseline -0.003 -9"><span class='ocrx_word' id='word_1_141' title='bbox 977 822 1082 853; x_wconf 87' lang='lat' dir='ltr'>Mater</span> <span class='ocrx_word' id='word_1_142' title='bbox 1105 820 1317 861; x_wconf 83' lang='lat' dir='ltr'>Somonobria,</span> 
     </span>
     <span class='ocr_line' id='line_1_41' title="bbox 937 866 1364 899; baseline -0.005 0"><span class='ocrx_word' id='word_1_143' title='bbox 937 866 1053 899; x_wconf 83' lang='lat' dir='ltr'>Sonent</span> <span class='ocrx_word' id='word_1_144' title='bbox 1078 876 1186 899; x_wconf 81' lang='lat' dir='ltr'>vocum</span> <span class='ocrx_word' id='word_1_145' title='bbox 1210 867 1364 898; x_wconf 81' lang='lat' dir='ltr'>melodiae</span> 
     </span>
     <span class='ocr_line' id='line_1_42' title="bbox 982 913 1311 956; baseline -0.006 -11"><span class='ocrx_word' id='word_1_146' title='bbox 982 914 1092 945; x_wconf 86' lang='lat' dir='ltr'>Cordis</span> <span class='ocrx_word' id='word_1_147' title='bbox 1118 922 1155 945; x_wconf 85' lang='lat' dir='ltr'>ex</span> <span class='ocrx_word' id='word_1_148' title='bbox 1175 913 1311 956; x_wconf 76' lang='lat' dir='ltr'>laetitia3</span> 
     </span>
     <span class='ocr_line' id='line_1_43' title="bbox 1024 960 1163 999; baseline 0.007 -9"><span class='ocrx_word' id='word_1_149' title='bbox 1024 960 1163 999; x_wconf 85' lang='lat' dir='ltr'>Alleluja</span> 
     </span>
     <span class='ocr_line' id='line_1_44' title="bbox 980 1006 1299 1039; baseline -0.009 0"><span class='ocrx_word' id='word_1_150' title='bbox 980 1007 1135 1039; x_wconf 67' lang='lat' dir='ltr'>consonet</span> <span class='ocrx_word' id='word_1_151' title='bbox 1158 1006 1299 1037; x_wconf 77' lang='lat' dir='ltr'>ecelesia.</span> 
     </span>
     <span class='ocr_line' id='line_1_45' title="bbox 936 1052 1319 1093; baseline -0.003 -10"><span class='ocrx_word' id='word_1_152' title='bbox 936 1052 1099 1084; x_wconf 85' lang='lat' dir='ltr'>Ambianis</span> <span class='ocrx_word' id='word_1_153' title='bbox 1120 1052 1319 1093; x_wconf 82' lang='lat' dir='ltr'>jucundetur,</span> 
     </span>
     <span class='ocr_line' id='line_1_46' title="bbox 938 1097 1474 1137; baseline -0.002 -8"><span class='ocrx_word' id='word_1_154' title='bbox 938 1098 1057 1130; x_wconf 80' lang='lat' dir='ltr'>Psallat</span> <span class='ocrx_word' id='word_1_155' title='bbox 1073 1099 1194 1137; x_wconf 85' lang='lat' dir='ltr'>chorus,</span> <span class='ocrx_word' id='word_1_156' title='bbox 1218 1097 1308 1137; x_wconf 84' lang='lat' dir='ltr'>plebs</span> <span class='ocrx_word' id='word_1_157' title='bbox 1324 1099 1474 1137; x_wconf 82' lang='lat' dir='ltr'>laetetur3</span> 
     </span>
     <span class='ocr_line' id='line_1_47' title="bbox 1028 1145 1167 1183; baseline 0.007 -8"><span class='ocrx_word' id='word_1_158' title='bbox 1028 1145 1167 1183; x_wconf 80' lang='lat' dir='ltr'>Alleiuja</span> 
     </span>
     <span class='ocr_line' id='line_1_48' title="bbox 983 1190 1301 1222; baseline -0.003 0"><span class='ocrx_word' id='word_1_159' title='bbox 983 1190 1136 1222; x_wconf 87' lang='lat' dir='ltr'>Consonet</span> <span class='ocrx_word' id='word_1_160' title='bbox 1161 1190 1301 1222; x_wconf 77' lang='lat' dir='ltr'>ecclesia.</span> 
     </span>
     <span class='ocr_line' id='line_1_49' title="bbox 939 1237 1341 1276; baseline -0.002 -8"><span class='ocrx_word' id='word_1_161' title='bbox 939 1237 1031 1269; x_wconf 84' lang='lat' dir='ltr'>Pater</span> <span class='ocrx_word' id='word_1_162' title='bbox 1055 1238 1117 1276; x_wconf 85' lang='lat' dir='ltr'>pie,</span> <span class='ocrx_word' id='word_1_163' title='bbox 1141 1239 1341 1276; x_wconf 74' lang='lat' dir='ltr'>peccatorum</span> 
     </span>
     <span class='ocr_line' id='line_1_50' title="bbox 938 1283 1295 1315; baseline -0.006 0"><span class='ocrx_word' id='word_1_164' title='bbox 938 1283 1092 1315; x_wconf 84' lang='lat' dir='ltr'>Miserere</span> <span class='ocrx_word' id='word_1_165' title='bbox 1116 1286 1148 1314; x_wconf 88' lang='lat' dir='ltr'>et</span> <span class='ocrx_word' id='word_1_166' title='bbox 1172 1286 1295 1314; x_wconf 81' lang='lat' dir='ltr'>tuorum</span> 
     </span>
     <span class='ocr_line' id='line_1_51' title="bbox 985 1330 1414 1368; baseline -0.005 -7"><span class='ocrx_word' id='word_1_167' title='bbox 985 1330 1062 1361; x_wconf 87' lang='lat' dir='ltr'>Esto</span> <span class='ocrx_word' id='word_1_168' title='bbox 1086 1338 1205 1361; x_wconf 86' lang='lat' dir='ltr'>memor</span> <span class='ocrx_word' id='word_1_169' title='bbox 1227 1337 1414 1368; x_wconf 86' lang='lat' dir='ltr'>memorum;</span> 
     </span>
     <span class='ocr_line' id='line_1_52' title="bbox 1030 1376 1169 1414; baseline 0.007 -8"><span class='ocrx_word' id='word_1_170' title='bbox 1030 1376 1169 1414; x_wconf 83' lang='lat' dir='ltr'>Alleluja</span> 
     </span>
     <span class='ocr_line' id='line_1_53' title="bbox 987 1422 1307 1453; baseline 0 0"><span class='ocrx_word' id='word_1_171' title='bbox 987 1422 1143 1453; x_wconf 85' lang='lat' dir='ltr'>Consonet</span> <span class='ocrx_word' id='word_1_172' title='bbox 1167 1422 1307 1453; x_wconf 84' lang='lat' dir='ltr'>ecclesia.</span> 
     </span>
    </p>
   </div>
   <div class='ocr_carea' id='block_1_16' title="bbox 656 1572 1021 1604">
    <p class='ocr_par' dir='ltr' id='par_1_23' title="bbox 656 1572 1021 1604">
     <span class='ocr_line' id='line_1_54' title="bbox 656 1572 1021 1604; baseline 0.003 -2"><span class='ocrx_word' id='word_1_173' title='bbox 656 1572 700 1602; x_wconf 85' lang='lat'>66.</span> <span class='ocrx_word' id='word_1_174' title='bbox 738 1573 780 1603; x_wconf 86' lang='lat' dir='ltr'>De</span> <span class='ocrx_word' id='word_1_175' title='bbox 800 1574 903 1604; x_wconf 85' lang='lat' dir='ltr'>sancto</span> <span class='ocrx_word' id='word_1_176' title='bbox 923 1573 1021 1604; x_wconf 84' lang='lat' dir='ltr'>Ivone.</span> 
     </span>
    </p>
   </div>
   <div class='ocr_carea' id='block_1_17' title="bbox 241 1642 772 1835">
    <p class='ocr_par' dir='ltr' id='par_1_24' title="bbox 339 1642 677 1735">
     <span class='ocr_line' id='line_1_55' title="bbox 339 1642 677 1681; baseline -0.009 -6"><span class='ocrx_word' id='word_1_177' title='bbox 339 1643 384 1675; x_wconf 90' lang='lat' dir='ltr'>In</span> <span class='ocrx_word' id='word_1_178' title='bbox 412 1644 440 1675; x_wconf 91' lang='lat'>1.</span> <span class='ocrx_word' id='word_1_179' title='bbox 467 1642 677 1681; x_wconf 87' lang='lat' dir='ltr'>Vesperis.</span> 
     </span>
     <span class='ocr_line' id='line_1_56' title="bbox 418 1700 609 1735; baseline 0 -8"><span class='ocrx_word' id='word_1_180' title='bbox 418 1700 609 1735; x_wconf 77' lang='lat' dir='ltr'>Antiphonae.</span> 
     </span>
    </p>

    <p class='ocr_par' dir='ltr' id='par_1_25' title="bbox 241 1752 694 1793">
     <span class='ocr_line' id='line_1_57' title="bbox 241 1752 694 1793; baseline -0.002 -10"><span class='ocrx_word' id='word_1_181' title='bbox 241 1779 248 1787; x_wconf 87' lang='lat'>.</span> <span class='ocrx_word' id='word_1_182' title='bbox 274 1753 370 1793; x_wconf 78' lang='lat' dir='ltr'>Virga</span> <span class='ocrx_word' id='word_1_183' title='bbox 391 1753 495 1784; x_wconf 83' lang='lat' dir='ltr'>virens</span> <span class='ocrx_word' id='word_1_184' title='bbox 519 1752 694 1791; x_wconf 86' lang='lat' dir='ltr'>virtutibus,</span> 
     </span>
    </p>

    <p class='ocr_par' dir='ltr' id='par_1_26' title="bbox 321 1797 772 1835">
     <span class='ocr_line' id='line_1_58' title="bbox 321 1797 772 1835; baseline -0.002 -6"><span class='ocrx_word' id='word_1_185' title='bbox 321 1799 430 1830; x_wconf 84' lang='lat' dir='ltr'>Almus</span> <span class='ocrx_word' id='word_1_186' title='bbox 455 1807 558 1830; x_wconf 85' lang='lat' dir='ltr'>ramus</span> <span class='ocrx_word' id='word_1_187' title='bbox 583 1797 772 1835; x_wconf 80' lang='lat' dir='ltr'>Britanniae,</span> 
     </span>
    </p>
   </div>
   <div class='ocr_carea' id='block_1_18' title="bbox 277 1844 756 1922">
    <p class='ocr_par' dir='ltr' id='par_1_27' title="bbox 277 1844 756 1922">
     <span class='ocr_line' id='line_1_59' title="bbox 277 1844 756 1883; baseline -0.004 -8"><span class='ocrx_word' id='word_1_188' title='bbox 277 1845 311 1875; x_wconf 77' lang='lat' dir='ltr'>In</span> <span class='ocrx_word' id='word_1_189' title='bbox 337 1848 514 1876; x_wconf 71' lang='lat' dir='ltr'>sanctorum</span> <span class='ocrx_word' id='word_1_190' title='bbox 537 1844 756 1883; x_wconf 78' lang='lat' dir='ltr'>splendoribus</span> 
     </span>
     <span class='ocr_line' id='line_1_60' title="bbox 320 1890 645 1922; baseline -0.006 0"><span class='ocrx_word' id='word_1_191' title='bbox 320 1891 375 1922; x_wconf 89' lang='lat' dir='ltr'>Ivo</span> <span class='ocrx_word' id='word_1_192' title='bbox 400 1891 520 1922; x_wconf 79' lang='lat' dir='ltr'>locatur</span> <span class='ocrx_word' id='word_1_193' title='bbox 542 1890 645 1921; x_wconf 89' lang='lat' dir='ltr'>hodie.</span> 
     </span>
    </p>
   </div>
   <div class='ocr_carea' id='block_1_19' title="bbox 242 1945 680 2122">
    <p class='ocr_par' dir='ltr' id='par_1_28' title="bbox 242 1945 680 2022">
     <span class='ocr_line' id='line_1_61' title="bbox 242 1945 680 1983; baseline 0.002 -9"><span class='ocrx_word' id='word_1_194' title='bbox 242 1968 249 1974; x_wconf 88' lang='lat'><em>.</em></span> <span class='ocrx_word' id='word_1_195' title='bbox 275 1945 380 1976; x_wconf 85' lang='lat' dir='ltr'>Plebis</span> <span class='ocrx_word' id='word_1_196' title='bbox 404 1945 534 1983; x_wconf 75' lang='lat' dir='ltr'>plaudat</span> <span class='ocrx_word' id='word_1_197' title='bbox 558 1945 680 1976; x_wconf 84' lang='lat' dir='ltr'>devotio</span> 
     </span>
     <span class='ocr_line' id='line_1_62' title="bbox 321 1990 611 2022; baseline -0.003 -1"><span class='ocrx_word' id='word_1_198' title='bbox 321 1990 492 2021; x_wconf 74' lang='lat' dir='ltr'>Sublimato</span> <span class='ocrx_word' id='word_1_199' title='bbox 516 1990 611 2022; x_wconf 84' lang='lat' dir='ltr'>Ivone</span> 
     </span>
    </p>

    <p class='ocr_par' dir='ltr' id='par_1_29' title="bbox 277 2036 668 2122">
     <span class='ocr_line' id='line_1_63' title="bbox 277 2036 668 2067; baseline 0 -1"><span class='ocrx_word' id='word_1_200' title='bbox 277 2036 313 2067; x_wconf 87' lang='lat' dir='ltr'>In</span> <span class='ocrx_word' id='word_1_201' title='bbox 338 2039 514 2067; x_wconf 84' lang='lat' dir='ltr'>sanctorum</span> <span class='ocrx_word' id='word_1_202' title='bbox 540 2036 668 2067; x_wconf 83' lang='lat' dir='ltr'>concilio</span> 
     </span>
     <span class='ocr_line' id='line_1_64' title="bbox 320 2082 632 2122; baseline 0 -9"><span class='ocrx_word' id='word_1_203' title='bbox 320 2082 364 2113; x_wconf 83' lang='lat' dir='ltr'>Et</span> <span class='ocrx_word' id='word_1_204' title='bbox 388 2083 632 2122; x_wconf 82' lang='lat' dir='ltr'>congregatione.</span> 
     </span>
    </p>
   </div>
   <div class='ocr_carea' id='block_1_20' title="bbox 244 2137 816 2315">
    <p class='ocr_par' dir='ltr' id='par_1_30' title="bbox 244 2137 816 2315">
     <span class='ocr_line' id='line_1_65' title="bbox 244 2137 714 2170; baseline -0.004 0"><span class='ocrx_word' id='word_1_205' title='bbox 244 2163 252 2170; x_wconf 85' lang='grc'><strong>.</strong></span> <span class='ocrx_word' id='word_1_206' title='bbox 276 2137 427 2169; x_wconf 79' lang='lat' dir='ltr'>Exortum</span> <span class='ocrx_word' id='word_1_207' title='bbox 453 2140 498 2167; x_wconf 86' lang='lat' dir='ltr'>est</span> <span class='ocrx_word' id='word_1_208' title='bbox 522 2137 555 2168; x_wconf 87' lang='lat' dir='ltr'>in</span> <span class='ocrx_word' id='word_1_209' title='bbox 579 2138 714 2169; x_wconf 87' lang='lat' dir='ltr'>tenebris</span> 
     </span>
     <span class='ocr_line' id='line_1_66' title="bbox 321 2183 778 2223; baseline 0 -8"><span class='ocrx_word' id='word_1_210' title='bbox 321 2183 386 2223; x_wconf 88' lang='lat' dir='ltr'>Ivo,</span> <span class='ocrx_word' id='word_1_211' title='bbox 412 2184 513 2214; x_wconf 88' lang='lat' dir='ltr'>lumen</span> <span class='ocrx_word' id='word_1_212' title='bbox 539 2183 778 2223; x_wconf 78' lang='lat' dir='ltr'>praefulgidum,</span> 
     </span>
     <span class='ocr_line' id='line_1_67' title="bbox 277 2227 652 2268; baseline 0.003 -8"><span class='ocrx_word' id='word_1_213' title='bbox 277 2229 335 2267; x_wconf 75' lang='lat' dir='ltr'>Qui</span> <span class='ocrx_word' id='word_1_214' title='bbox 358 2227 473 2268; x_wconf 79' lang='lat' dir='ltr'>fugatis</span> <span class='ocrx_word' id='word_1_215' title='bbox 495 2229 652 2261; x_wconf 75' lang='lat' dir='ltr'>iileoebris</span> 
     </span>
     <span class='ocr_line' id='line_1_68' title="bbox 323 2275 816 2315; baseline 0.004 -8"><span class='ocrx_word' id='word_1_216' title='bbox 323 2275 526 2315; x_wconf 80' lang='lat' dir='ltr'>splendorem</span> <span class='ocrx_word' id='word_1_217' title='bbox 548 2277 636 2308; x_wconf 86' lang='lat' dir='ltr'>dedit</span> <span class='ocrx_word' id='word_1_218' title='bbox 649 2277 816 2309; x_wconf 84' lang='lat' dir='ltr'>humidum.</span> 
     </span>
    </p>
   </div>
   <div class='ocr_carea' id='block_1_21' title="bbox 881 1642 1285 1681">
    <p class='ocr_par' dir='ltr' id='par_1_31' title="bbox 881 1642 1285 1681">
     <span class='ocr_line' id='line_1_69' title="bbox 881 1642 1285 1681; baseline 0 -8"><span class='ocrx_word' id='word_1_219' title='bbox 881 1643 912 1673; x_wconf 86' lang='lat'>4.</span> <span class='ocrx_word' id='word_1_220' title='bbox 938 1642 1073 1674; x_wconf 90' lang='lat' dir='ltr'>Humilis</span> <span class='ocrx_word' id='word_1_221' title='bbox 1096 1642 1285 1681; x_wconf 84' lang='lat' dir='ltr'>pauperibus</span> 
     </span>
    </p>
   </div>
   <div class='ocr_carea' id='block_1_22' title="bbox 942 1687 1377 1815">
    <p class='ocr_par' dir='ltr' id='par_1_32' title="bbox 942 1687 1377 1815">
     <span class='ocr_line' id='line_1_70' title="bbox 983 1687 1197 1719; baseline 0 0"><span class='ocrx_word' id='word_1_222' title='bbox 983 1688 1038 1719; x_wconf 85' lang='lat' dir='ltr'>Ivo</span> <span class='ocrx_word' id='word_1_223' title='bbox 1062 1687 1197 1719; x_wconf 74' lang='lat' dir='ltr'>sociatus</span> 
     </span>
     <span class='ocr_line' id='line_1_71' title="bbox 942 1733 1377 1774; baseline 0.002 -10"><span class='ocrx_word' id='word_1_224' title='bbox 942 1733 1064 1765; x_wconf 79' lang='lat' dir='ltr'>Gaudet</span> <span class='ocrx_word' id='word_1_225' title='bbox 1090 1743 1157 1765; x_wconf 85' lang='lat' dir='ltr'>cum</span> <span class='ocrx_word' id='word_1_226' title='bbox 1182 1734 1377 1774; x_wconf 79' lang='lat' dir='ltr'>principibus</span> 
     </span>
     <span class='ocr_line' id='line_1_72' title="bbox 985 1779 1266 1815; baseline 0.011 -4"><span class='ocrx_word' id='word_1_227' title='bbox 985 1779 1070 1811; x_wconf 85' lang='lat' dir='ltr'>Coeli</span> <span class='ocrx_word' id='word_1_228' title='bbox 1094 1783 1266 1815; x_wconf 76' lang='lat' dir='ltr'>coronatus,</span> 
     </span>
    </p>
   </div>
   <div class='ocr_carea' id='block_1_23' title="bbox 883 1845 1335 1886">
    <p class='ocr_par' dir='ltr' id='par_1_33' title="bbox 883 1845 1335 1886">
     <span class='ocr_line' id='line_1_73' title="bbox 883 1845 1335 1886; baseline 0.002 -11"><span class='ocrx_word' id='word_1_229' title='bbox 883 1845 913 1877; x_wconf 76' lang='lat'>5.</span> <span class='ocrx_word' id='word_1_230' title='bbox 938 1845 1051 1877; x_wconf 81' lang='lat' dir='ltr'>Omnes</span> <span class='ocrx_word' id='word_1_231' title='bbox 1076 1845 1193 1877; x_wconf 74' lang='lat' dir='ltr'>Chiisti</span> <span class='ocrx_word' id='word_1_232' title='bbox 1216 1846 1335 1886; x_wconf 78' lang='lat' dir='ltr'>popuii,</span> 
     </span>
    </p>
   </div>
   <div class='ocr_carea' id='block_1_24' title="bbox 938 1890 1272 2017">
    <p class='ocr_par' dir='ltr' id='par_1_34' title="bbox 938 1890 1272 2017">
     <span class='ocr_line' id='line_1_74' title="bbox 983 1890 1259 1924; baseline 0.007 -3"><span class='ocrx_word' id='word_1_233' title='bbox 983 1890 1085 1922; x_wconf 89' lang='lat' dir='ltr'>Deum</span> <span class='ocrx_word' id='word_1_234' title='bbox 1108 1891 1259 1924; x_wconf 83' lang='lat' dir='ltr'>honorate</span> 
     </span>
     <span class='ocr_line' id='line_1_75' title="bbox 938 1937 1272 1980; baseline 0.003 -12"><span class='ocrx_word' id='word_1_235' title='bbox 938 1937 983 1968; x_wconf 83' lang='lat' dir='ltr'>Et</span> <span class='ocrx_word' id='word_1_236' title='bbox 1005 1937 1121 1978; x_wconf 79' lang='lat' dir='ltr'>Ivonis,</span> <span class='ocrx_word' id='word_1_237' title='bbox 1148 1939 1272 1980; x_wconf 85' lang='lat' dir='ltr'>servuli,</span> 
     </span>
     <span class='ocr_line' id='line_1_76' title="bbox 983 1983 1260 2017; baseline 0.011 -4"><span class='ocrx_word' id='word_1_238' title='bbox 983 1983 1101 2015; x_wconf 85' lang='lat' dir='ltr'>Merita</span> <span class='ocrx_word' id='word_1_239' title='bbox 1124 1984 1260 2017; x_wconf 81' lang='lat' dir='ltr'>laudate.</span> 
     </span>
    </p>
   </div>
   <div class='ocr_carea' id='block_1_25' title="bbox 1061 2073 1298 2110">
    <p class='ocr_par' dir='ltr' id='par_1_35' title="bbox 1061 2073 1298 2110">
     <span class='ocr_line' id='line_1_77' title="bbox 1061 2073 1298 2110; baseline 0 -10"><span class='ocrx_word' id='word_1_240' title='bbox 1061 2073 1105 2101; x_wconf 81' lang='lat' dir='ltr'>Ad</span> <span class='ocrx_word' id='word_1_241' title='bbox 1122 2074 1298 2110; x_wconf 62' lang='lat' dir='ltr'>Magnifieat.</span> 
     </span>
    </p>
   </div>
   <div class='ocr_carea' id='block_1_26' title="bbox 874 2139 1348 2182">
    <p class='ocr_par' dir='ltr' id='par_1_36' title="bbox 874 2139 1348 2182">
     <span class='ocr_line' id='line_1_78' title="bbox 874 2139 1348 2182; baseline 0.004 -12"><span class='ocrx_word' id='word_1_242' title='bbox 874 2140 914 2171; x_wconf 80' lang='lat' dir='ltr'>A.</span> <span class='ocrx_word' id='word_1_243' title='bbox 941 2139 1060 2178; x_wconf 82' lang='lat' dir='ltr'>Gaude,</span> <span class='ocrx_word' id='word_1_244' title='bbox 1085 2142 1184 2171; x_wconf 82' lang='lat' dir='ltr'>mater</span> <span class='ocrx_word' id='word_1_245' title='bbox 1206 2142 1348 2182; x_wconf 76' lang='lat' dir='ltr'>ecclesia,</span> 
     </span>
    </p>
   </div>
   <div class='ocr_carea' id='block_1_27' title="bbox 943 2185 1385 2321">
    <p class='ocr_par' dir='ltr' id='par_1_37' title="bbox 943 2185 1385 2321">
     <span class='ocr_line' id='line_1_79' title="bbox 943 2185 1359 2227; baseline 0.01 -11"><span class='ocrx_word' id='word_1_246' title='bbox 943 2185 1070 2226; x_wconf 82' lang='lat' dir='ltr'>Plaude,</span> <span class='ocrx_word' id='word_1_247' title='bbox 1097 2188 1163 2217; x_wconf 81' lang='lat' dir='ltr'>tota</span> <span class='ocrx_word' id='word_1_248' title='bbox 1185 2185 1359 2227; x_wconf 83' lang='lat' dir='ltr'>Britannia,</span> 
     </span>
     <span class='ocr_line' id='line_1_80' title="bbox 985 2231 1385 2266; baseline 0.01 -4"><span class='ocrx_word' id='word_1_249' title='bbox 985 2231 1029 2262; x_wconf 82' lang='lat' dir='ltr'>Et,</span> <span class='ocrx_word' id='word_1_250' title='bbox 1049 2231 1250 2264; x_wconf 82' lang='lat' dir='ltr'>Trecorensis</span> <span class='ocrx_word' id='word_1_251' title='bbox 1276 2234 1385 2266; x_wconf 79' lang='lat' dir='ltr'>civitas</span> 
     </span>
     <span class='ocr_line' id='line_1_81' title="bbox 1030 2279 1309 2321; baseline 0.011 -12"><span class='ocrx_word' id='word_1_252' title='bbox 1030 2279 1127 2310; x_wconf 89' lang='lat' dir='ltr'>Ivone</span> <span class='ocrx_word' id='word_1_253' title='bbox 1153 2280 1309 2321; x_wconf 83' lang='lat' dir='ltr'>decorat-a,</span> 
     </span>
    </p>
   </div>
  </div>
 </body>
</html>
