1656 2491
283 167 349 198 Tuo
372 174 428 196 nos
451 163 627 203 precamine

284 212 435 251 Purgatos
458 219 478 241 a
502 209 628 240 crimine

284 258 336 289 Ad
358 254 584 287 intransitorias

284 302 472 334 Transmitte
498 299 631 331 laetitias

219 349 255 380 V.
280 349 316 379 In
342 348 426 385 cujus
451 344 602 384 potentias

331 395 401 426 Jam
424 389 601 429 introivisti‚

284 438 350 469 Deo
373 446 430 468 nos
455 434 596 475 concilia,

330 484 423 521 Quem
450 479 615 513 emeruisti.

283 537 473 568 Adolescens
499 533 688 566 deformatus

326 582 437 614 Morbo
461 579 658 620 tympanicio,

281 629 351 660 Viri
373 627 486 659 famam
510 628 722 666 pei-semitatus

326 674 463 705 Rumore
483 673 548 712 J'am
573 671 706 710 publico,

283 719 413 751 Scandit
435 719 547 750 montis
573 717 725 748 cumulum

283 765 412 796 Tractus
435 773 492 804 per
515 763 698 796 vehiculum.

217 811 256 843 V.
280 811 440 842 Abscondi
462 819 524 841 non
547 808 657 847 potuit,

285 856 343 893 Qui
365 858 401 886 ut
423 857 541 894 lampas
565 854 723 893 splenduit

283 901 327 932 Et
349 904 385 933 ut
406 902 477 933 thus
501 901 645 932 redoluit.

284 955 427 987 Pontifex
450 956 670 987 immanitatem

330 1002 501 1041 Languoris
526 1000 693 1041 exhorruit,

285 1047 309 1079 O
333 1048 441 1079 miram
465 1047 695 1087 benignitatem,

334 1093 460 1124 Dolenti
485 1092 650 1130 condoluit,

284 1139 457 1178 Adoptavit
478 1139 652 1175 sanitatem,

331 1185 427 1222 Quam
450 1184 534 1215 Deus
560 1182 712 1215 adhibuit.

250 1252 258 1259 .
282 1231 391 1269 Aquae
413 1229 588 1261 benedictio

286 1276 329 1306 Et
354 1276 419 1315 ejus
443 1275 604 1314 adspersio

285 1321 381 1352 Curat
402 1324 495 1360 atque
518 1321 613 1359 potio.

228 958 259 989 3.

399 1431 427 1460 A
439 1431 459 1461 d
483 1430 509 1460 L
518 1439 536 1461 a
544 1439 564 1459 u
575 1430 593 1460 d
603 1438 619 1460 e
626 1438 650 1460 s.

428 1493 618 1528 Antiphonae.

256 1575 263 1582 ,
288 1548 345 1579 Vir
368 1547 475 1580 beatus
499 1548 566 1579 Deo
590 1551 704 1588 gratus,

285 1594 452 1633 Postquam
477 1594 537 1625 rite
562 1602 682 1625 cursum
706 1594 789 1625 vitae

288 1639 523 1678 Consummavit,
549 1638 756 1679 frequentavit

287 1685 507 1724 Praeelectum‚
533 1685 757 1725 praedilectum

330 1732 469 1763 Montem
492 1732 588 1771 magis
613 1732 713 1764 solito.

259 1814 264 1819 .
288 1786 359 1818 Illic
382 1795 451 1817 sese
474 1787 630 1818 victimam

333 1833 370 1864 In
394 1832 532 1864 oratione

286 1878 352 1910 Deo
376 1882 513 1910 mactans
537 1879 646 1910 sedula

331 1925 441 1956 Fletus
465 1923 585 1956 fusione

296 2004 410 2041 Antiph.
436 2014 487 2032 ms.
509 2005 537 2032 S.
556 2006 666 2034 Mariae
691 2007 727 2034 ad

944 158 1058 189 Preces
1082 164 1140 194 pro
1165 154 1297 186 ecclesia

944 202 1043 234 Fudit
1071 210 1138 232 cum
1162 201 1321 233 instantia.

890 258 920 289 3.
945 258 1116 297 Regressus
1141 256 1298 288 Coloniam

945 304 982 335 In
1005 304 1126 342 pestem
1149 302 1349 341 podagricum

943 349 1062 381 Dextro
1086 348 1168 387 pede
1190 348 1301 380 incidit

942 395 985 426 Et
1008 395 1054 426 ibi
1077 394 1230 426 occubuit.

889 451 921 482 4.
947 449 1000 482 Sic
1021 453 1187 489 purgatum
1210 449 1335 481 transiit

990 495 1051 526 Vas
1075 495 1232 526 electionis

943 541 996 572 Ad
1021 541 1153 572 coeleste
1177 541 1286 571 solium

993 586 1125 618 Summis
1149 587 1275 624 plenum
1299 585 1398 623 bonis,

945 633 1141 664 Commutans
1165 633 1328 663 terrestria

989 679 1050 710 Pro
1074 678 1208 709 aeternis
1234 678 1332 709 donis.

888 735 917 765 5.
944 733 1146 764 Venerandus
1171 733 1281 764 merito

991 778 1128 810 Saeculis
1153 777 1277 816 futuris,

943 825 1002 863 Qui
1025 825 1088 856 suis
1113 824 1305 863 temporibus

989 870 1057 902 Nec
1079 880 1099 901 a
1122 870 1225 902 verbis
1251 870 1337 902 duris

944 916 1124 956 Principum
1146 917 1308 956 pertimuit

944 962 1012 993 Nec
1036 963 1080 993 eis
1104 962 1274 994 succubuit.

1063 1024 1108 1052 Ad
1127 1025 1306 1052 Benedictus.

879 1072 919 1104 A.
946 1071 1089 1104 Collectis
1114 1072 1263 1104 ecclesiae

992 1118 1117 1150 Cunctis
1141 1118 1372 1156 magistratibus

945 1164 989 1195 Et
1010 1165 1064 1194 uni
1088 1164 1260 1195 sententiae

990 1208 1145 1240 Praebitis
1169 1210 1344 1241 assensibus

945 1256 1062 1287 Fotura
1088 1255 1216 1287 Colonia

991 1301 1116 1332 Patrem
1138 1301 1171 1332 in
1197 1301 1367 1332 visceribus

946 1347 1062 1378 Pandit
1084 1347 1184 1378 sinum
1207 1346 1273 1378 filia

992 1391 1101 1431 Dignis
1126 1393 1381 1431 sepulchralibus.

1016 1483 1063 1515 In
1087 1485 1119 1517 2.
1143 1483 1356 1524 VesperiS.

1068 1545 1112 1573 Ad
1131 1546 1307 1581 Magnificat.

883 1604 921 1634 A.
947 1602 1088 1634 Mutatur
1111 1605 1305 1642 propositum

994 1647 1060 1680 Deo
1085 1649 1131 1679 sic
1153 1649 1285 1688 volente,

951 1694 1076 1733 Recipit
1101 1695 1275 1734 depositum

994 1740 1091 1772 Navis
1117 1744 1148 1772 et
1170 1745 1299 1780 repente

950 1786 1065 1818 Contra
1088 1787 1187 1818 nisum
1212 1788 1341 1828 gurgitis

996 1831 1126 1864 Cursum
1151 1834 1256 1872 explet
1279 1836 1359 1866 serio

949 1878 1016 1909 Nec
1042 1878 1104 1910 veli
1127 1887 1185 1910 nec
1207 1881 1332 1920 remigis

992 1924 1075 1956 Acta
1096 1925 1277 1959 ministerio.

746 2006 857 2034 Gradus
878 2008 946 2035 anni
966 2004 1046 2034 1477.
1082 2008 1149 2035 Cod.
1171 2008 1277 2036 Semin.
1299 2009 1446 2038 Colonien.
1467 2011 1493 2039 5.

222 2042 256 2068 A.
274 2057 312 2061 —-
329 2042 446 2076 Antiph.
465 2050 516 2069 ms.
537 2043 566 2070 S.
585 2043 696 2070 Mariae
716 2044 752 2071 ad
772 2044 883 2071 Gradus
903 2051 976 2071 saec.
998 2042 1040 2070 15.
1071 2044 1139 2072 Cod.
1161 2045 1266 2073 Semin.
1281 2047 1429 2075 Oolonien.
1450 2047 1495 2076 53.

221 2079 254 2105 B.
274 2092 310 2097 ——-
328 2079 445 2113 Antiph.
464 2087 516 2106 ms.
537 2080 565 2107 S.
585 2080 696 2107 Mariae
716 2080 752 2107 ad
771 2081 882 2108 Gradus
901 2088 974 2108 saec.
997 2079 1039 2107 15.
1069 2081 1137 2110 Cod.
1157 2083 1262 2110 Semin.
1282 2084 1429 2112 Colonieu.
1450 2084 1495 2114 23.

225 2115 254 2142 Ο.
274 2129 310 2134 —-
330 2115 447 2150 Antiph.
466 2124 517 2143 ms.
538 2117 567 2144 S.
585 2117 697 2144 Mariae
716 2117 752 2145 ad
772 2117 882 2145 Gradus
902 2125 975 2145 saec.
996 2116 1040 2144 15.
1071 2118 1139 2147 Cod.
1160 2119 1188 2147 S.
1210 2121 1327 2156 Georgii
1348 2121 1495 2150 Golonien.

223 2161 245 2179 s.
264 2162 292 2179 n.
312 2153 348 2179 D.
368 2168 404 2173 -
423 2154 505 2181 Brev.
521 2162 573 2181 ms.
588 2154 616 2181 S.
629 2154 740 2182 Mariae
752 2155 790 2181 ad
802 2155 914 2183 Gradus
928 2163 1001 2182 saec.
1014 2153 1057 2182 15.
1078 2156 1146 2184 Cod.
1159 2157 1370 2186 Darmstadien.
1384 2158 1448 2187 977.
1459 2160 1495 2187 E.

296 2190 332 2217 In
352 2189 376 2217 l..
395 2190 481 2226 Vesp.
500 2191 597 2227 folgen
616 2192 689 2219 nach
708 2192 757 2219 der
777 2194 872 2219 ersten
889 2193 965 2219 noch
982 2192 1113 2227 folgende
1131 2195 1193 2221 vier
1213 2196 1412 2231 Antiphonem

296 2224 322 2254 2.
341 2228 419 2255 Laus
433 2229 472 2254 sit
486 2227 597 2255 Christo
612 2232 641 2256 et
651 2229 745 2263 gloria
771 2229 827 2257 Pro
841 2229 970 2256 Annonis
983 2231 1127 2264 memoria,
1163 2232 1253 2265 Quem
1269 2237 1496 2263 consummatum

223 2264 386 2297 virtutibus,
412 2265 592 2292 Assoeiatum
602 2266 773 2294 coelestibus
802 2266 903 2294 Tantis
914 2267 1004 2302 signis
1014 2268 1126 2302 gratiae
1152 2269 1338 2298 Commendat
1348 2272 1496 2300 ecclesiae.
