1679 2491
256 163 372 195 Servat
396 173 489 202 equos
513 166 622 205 pratis,

305 209 378 240 dum
406 213 498 241 nocte
515 214 546 241 et
560 211 710 244 imbribus
727 212 804 243 atris

256 255 286 285 A
310 255 436 294 pluviae
459 257 554 295 guttis

305 302 427 339 aquilae
453 300 632 334 defenditur
655 303 724 335 alis.

224 395 231 401 .
257 370 423 409 Egregium
452 371 546 408 dictu,

303 416 391 447 nimii
414 416 591 455 splendoris
615 416 647 447 in
672 416 736 447 ictu

255 463 340 493 Ante
360 465 481 501 patrem
507 463 610 493 clarus

301 508 439 540 radiavit
462 509 501 540 ab
525 508 651 540 aethere
675 509 802 548 pharus,

257 555 318 586 Per
343 555 429 594 cujus
453 554 575 587 radium

303 599 405 632 fertur
429 601 543 640 legisse
563 600 713 632 libellum.

224 696 231 702 .
259 669 457 709 Comperiens
482 672 622 701 sanctum

304 715 503 747 Wambertus
527 714 732 755 glorificatum

256 760 351 792 Lucis
377 763 419 793 ad
443 762 635 800 adspectum,

303 807 375 846 quia
399 808 532 847 desuper
555 807 630 839 alite
654 811 778 848 tectum,

254 853 363 893 Pergit
386 854 475 886 adire
499 854 609 893 virum,

301 908 389 939 quem
415 900 553 938 suscepit
574 900 780 939 peregrinum.

225 991 231 996 .
257 964 433 996 Promeruit
456 972 529 995 vere

300 1011 350 1041 vir
375 1010 477 1041 clarus
498 1012 530 1041 et
551 1011 621 1048 ipse
645 1009 763 1048 videre,

255 1055 341 1087 Luce
363 1059 455 1094 pater
479 1056 562 1095 quali

302 1102 426 1133 steterit
449 1102 505 1133 sub
529 1101 655 1132 turbine
677 1102 742 1142 tali,

257 1148 395 1187 Corpore
420 1150 545 1179 curvato

301 1194 511 1233 prosternitur
535 1201 607 1224 ecce
631 1194 732 1225 beato.

224 1281 232 1290 .
256 1257 389 1289 Sanctus
411 1257 595 1289 Wamberto

303 1303 438 1342 replicat
461 1311 603 1334 sermone
629 1303 755 1344 diserto,

259 1349 348 1387 Quod
376 1349 491 1381 Christi
516 1357 609 1380 causa

301 1397 444 1434 migrarit
467 1395 543 1427 sede
565 1398 697 1434 paterna

255 1443 360 1481 Atque
384 1441 447 1473 fide
469 1450 546 1473 sana

302 1488 522 1527 contempserit
545 1487 632 1519 idola
657 1496 746 1519 vana.

222 1578 229 1585 .
255 1551 460 1591 Bertulphum
488 1553 605 1584 donans

301 1599 448 1637 princeps
477 1602 508 1629 et
531 1598 623 1630 rebus
647 1598 802 1630 honorans

253 1643 430 1676 Haeredem
457 1653 562 1675 carum

301 1689 481 1722 firmaverat
505 1690 716 1729 ecclesiarum,

256 1737 350 1770 Cultu
372 1737 547 1776 praestanti

301 1792 377 1822 quas
404 1783 563 1814 constituit
588 1783 767 1814 dominanti.

394 1884 594 1918 Responsoria.

255 1950 388 1982 Lumine
413 1950 485 1981 dum
510 1949 602 1988 phari

299 1996 415 2027 meruit
438 1998 531 2035 pater
549 1995 708 2034 irradiari,

253 2042 298 2075 Et
322 2042 461 2075 codicem
486 2042 588 2082 solvit,

298 2089 383 2121 vitae
407 2097 467 2129 quo
491 2088 588 2121 verba
612 2088 755 2128 revolvit,

255 2137 326 2168 Stat
349 2136 462 2176 pernix
487 2135 592 2175 aquila

300 2182 453 2221 crispanti
479 2182 614 2221 desuper
636 2182 686 2213 ala

252 2229 375 2262 Imbres
398 2230 534 2261 arcendo

297 2278 439 2308 sanctum
454 2278 547 2315 caput
555 2278 648 2315 atque
657 2274 799 2313 tegendO.

861 168 899 200 V.
925 167 1064 198 Horrida
1084 169 1252 205 tempestas

972 212 1089 244 hiemes
1115 212 1202 244 dedit
1229 213 1365 251 undique
1389 222 1472 245 mae-

1248 261 1324 297 stas,

927 303 980 335 Illi
1003 304 1060 335 sub
1085 302 1194 342 forma,

971 349 1130 381 Johanues
1153 358 1215 388 qua
1237 350 1318 387 petit
1343 352 1437 381 astra.

991 468 1035 499 In
1061 469 1091 501 3.
1117 469 1341 501 NocturnO.

1068 530 1112 558 Ac]
1135 530 1261 559 Cantica.

860 597 899 628 A.
924 596 1055 628 Talibus
1078 604 1117 627 ex
1144 595 1246 636 factis,

975 642 1091 675 Christi
1115 643 1230 674 virtute
1253 644 1399 682 peractis,

926 688 1035 720 Gloria
1058 688 1224 727 Bertulphi

972 736 1071 766 crevit
1094 744 1151 774 per
1176 736 1310 773 compita
1334 738 1422 775 regni

927 781 1093 813 Oblectans
1119 784 1244 813 cunctos

969 827 1044 858 fidei
1068 827 1239 866 signamine
1262 826 1395 867 functos,

926 873 1037 904 Omnia
1065 874 1203 905 servanti

971 928 1066 958 quare
1089 919 1132 950 sit
1156 919 1238 951 doxa
1260 920 1389 952 tonanti.

1065 1019 1267 1054 Responsoria.

924 1084 948 1115 Ο
974 1086 1065 1123 pater
1087 1083 1229 1126 insignis,

969 1129 1137 1161 virtutibus
1161 1134 1252 1161 aucte
1275 1130 1426 1171 benignis,

924 1176 972 1207 Te
993 1176 1047 1215 pie
1069 1178 1232 1215 poscentes

967 1222 1051 1260 audi,
1077 1221 1257 1260 Bertulphe‚
1285 1222 1422 1260 clientes,

926 1267 1001 1298 Cum
1027 1267 1150 1299 Christo
1175 1268 1251 1299 civis

972 1313 1044 1352 quia
1055 1321 1190 1344 summus
1201 1314 1233 1344 in
1243 1314 1369 1344 aethere
1379 1313 1468 1352 vivis,

925 1359 984 1398 Qui
1008 1367 1110 1390 secum
1137 1360 1220 1390 clare

969 1405 1080 1436 statuit
1103 1407 1135 1435 te
1159 1403 1344 1445 glorificare,

928 1450 1125 1490 Quapropter
1150 1453 1273 1482 cantum

969 1498 1040 1536 pius
1062 1497 1170 1536 accipe
1194 1500 1227 1528 te
1246 1497 1468 1529 modulantum.

859 1543 894 1575 V.
922 1543 967 1574 Te
990 1543 1227 1582 patriarchatus,

972 1593 1005 1620 te
1029 1589 1148 1628 colligit
1170 1589 1226 1620 ille
1249 1592 1385 1630 senatus,

925 1636 983 1674 Qui
1007 1634 1137 1666 Sanctus
1162 1634 1294 1667 Domino

972 1690 1095 1720 semper
1120 1681 1204 1713 canit
1227 1681 1337 1713 ordine
1360 1682 1449 1714 miro,

1036 1801 1066 1832 A
1077 1800 1096 1832 d
1121 1800 1149 1831 L
1157 1810 1176 1832 a
1183 1810 1205 1830 u
1214 1801 1234 1831 d
1244 1809 1261 1831 e
1269 1809 1292 1832 s.

1070 1864 1261 1897 Antiphonae.

870 1930 900 1961 1.
928 1929 1016 1961 Omni
1041 1929 1230 1968 Bertulphus

970 1976 1120 2006 virtutum
1143 1976 1237 2007 laude
1258 1976 1408 2014 probatus

925 2020 1063 2060 Suscipit
1087 2022 1233 2053 ecclesias

963 2076 1058 2107 prece
1066 2067 1243 2100 Wamberti
1251 2069 1470 2109 moderandas,

925 2113 1031 2145 Firmo
1052 2115 1123 2153 jure
1146 2114 1270 2154 quidem

968 2160 1029 2192 sibi
1054 2161 1116 2193 dux
1135 2170 1211 2201 quas
1229 2163 1361 2194 contulit
1376 2163 1471 2195 idem.

867 2228 899 2258 2.
923 2226 1086 2259 Praelatus
1111 2234 1185 2258 vero

969 2274 1055 2304 tanto
1080 2276 1261 2305 reverenter
1285 2273 1323 2304 ab
1349 2274 1425 2305 hero
