1656 2491
797 85 1041 119 —210—

299 186 329 217 4.
353 183 500 214 Omnibus
525 184 631 214 exutus

291 1905 324 1936 V.

398 229 523 260 Domini
546 229 691 259 mandata
714 227 836 257 secutus

355 275 480 307 Coelica
501 275 573 313 plus
597 282 687 313 quam
710 281 744 304 se

401 320 518 359 dilexit,
544 321 646 350 cetera
670 328 725 350 ceu
748 326 791 350 se.

324 402 330 409 .
355 376 425 408 Jam
448 377 511 405 tum
535 374 680 405 virtutem

398 420 482 459 quasi
491 428 546 451 rex
555 419 703 451 formatus
712 419 753 451 ad
760 426 890 457 omnem,

353 466 464 497 Vestiit
486 466 622 506 algentes

397 515 428 542 et
446 512 557 543 nutriit
580 512 761 545 esurientes,

351 567 387 598 In
409 566 539 598 Domino
563 566 672 606 fidens,

396 613 503 644 mundi
526 613 662 644 ludibria
686 612 801 651 ridens,

349 658 443 689 Miles
466 661 500 689 ut
521 659 653 691 invictus

401 705 541 735 inimicos
566 705 681 744 repulit
702 705 804 737 ictus„

487 774 686 808 Responsoria.

322 849 328 857 ,
353 824 452 862 Igitur
475 832 531 855 rex
555 825 713 856 oswaldus

352 870 404 900 Ad
429 870 526 908 gentis
551 879 624 901 suae
647 870 854 901 muninentum

353 915 900 959 Etchristianaefideifundamentum

352 961 591 992 Northumbriae
614 962 778 1001 gentilibus

351 1006 410 1037 Est
433 1007 533 1038 editus
556 1008 746 1046 parentibus

318 1077 324 1083 .
350 1053 395 1084 Ut
418 1062 489 1083 rosa
514 1053 552 1084 de
576 1053 672 1093 spinis

398 1099 606 1136 pulcherrima
628 1099 727 1138 surgit
750 1098 856 1130 acutis.

321 1179 327 1185 .
352 1152 497 1192 Elifrido‚

352 1201 442 1237 patre
465 1200 540 1238 eJ'us,
565 1203 684 1231 mortuo

353 1245 391 1276 In
415 1244 547 1275 Scotiam

354 1291 451 1321 dulcis
475 1290 661 1322 transfertur
684 1291 782 1329 pusio,

354 1335 399 1367 Ut
422 1336 576 1367 Christum
602 1337 703 1368 diseat

397 1384 428 1412 et
449 1382 481 1412 in
507 1387 571 1420 ejus
596 1391 699 1414 amore
724 1383 864 1414 calescat.

321 1463 327 1469 ,
352 1435 528 1467 Instituitur
551 1438 658 1468 docilis

352 1482 543 1513 Adolescens
567 1484 665 1514 solum
688 1483 786 1515 Deum

354 1527 470 1566 Sapere
494 1531 525 1559 et
547 1538 604 1567 pro
627 1531 759 1560 terrenis

355 1574 546 1605 Coelestibus
570 1575 715 1606 anhelare

350 1619 393 1650 Et
415 1620 475 1650 cito
496 1620 652 1659 lapsuram

398 1666 503 1696 mundi
528 1667 695 1705 reprobare
716 1666 853 1707 figuram.

352 1720 475 1751 Interea
496 1722 613 1759 proelio

352 1766 520 1797 Eduwinus
545 1767 697 1807 occubuit,

355 1812 494 1843 Christus
520 1813 692 1845 oswaldum
718 1817 846 1853 paterno

351 1858 457 1897 Regno
482 1859 625 1901 restituit,

351 1904 505 1942 Tempora
527 1906 579 1944 qui
602 1908 710 1946 mutat,

397 1950 452 1981 sub
469 1959 527 1989 quo
540 1960 625 1983 mare
636 1955 780 1992 terraque
791 1954 888 1983 nutat.

412 2033 456 2064 In
483 2035 513 2066 2.
539 2034 595 2066 No
606 2038 723 2067 cturn
734 2044 761 2069 ο.

493 2093 682 2128 Antiphonae.

319 2169 326 2175 .
352 2143 420 2175 Rex
445 2144 646 2185 diadematus,

398 2190 431 2220 in
456 2192 573 2222 cunctis
596 2192 818 2232 magnificatuS‚

352 2235 446 2267 Fines
471 2239 589 2268 tutatur

400 2283 574 2323 cultumque
595 2285 655 2316 Dei
679 2287 854 2318 meditatur.

958 179 989 210 2.
1016 177 1097 209 Cura
1120 176 1181 208 sibi
1204 175 1304 214 gentis

1062 225 1130 254 erat
1144 223 1222 254 haec
1234 231 1290 252 sua
1301 221 1390 261 signa
1401 219 1557 260 sequentis

1014 270 1104 301 Idola.
1125 268 1276 307 calcandi,

1059 316 1207 355 templum
1221 314 1287 354 tibi,
1305 314 1407 353 Petre,
1420 313 1556 345 locandi.

960 373 991 405 3.
1015 371 1068 403 Ad
1091 370 1324 403 fundamentum

1058 416 1133 449 fidei
1158 424 1253 449 sanae
1273 415 1452 454 jaciendum

1011 463 1163 495 Doctrina
1186 471 1293 495 sanum

1058 512 1151 541 vocat
1174 519 1193 541 a
1217 508 1317 539 Scotis
1341 508 1507 540 Aidanum.

980 589 987 597 .
1011 566 1160 597 Praesule
1182 563 1239 596 sub
1264 563 1321 594 tali

1059 612 1239 642 documento
1263 608 1418 648 spirituali

1015 657 1098 689 Gens
1123 656 1191 688 fera
1214 658 1359 694 mutatur,

1059 704 1193 735 Domino
1217 711 1299 734 nova
1314 701 1407 733 turba
1424 700 1554 732 dicatur.

981 786 987 792 .
1012 760 1100 791 Tunc
1123 761 1210 790 actus
1234 757 1334 789 socios

1057 814 1113 836 rex
1134 806 1248 836 alterat
1270 806 1364 842 atque
1387 802 1543 840 sacerdos,

1011 851 1073 883 Hic
1098 851 1197 889 docet,
1223 850 1275 880 hic
1300 849 1402 888 discit,

1057 898 1108 928 hic
1134 896 1267 938 disserit,
1293 895 1409 935 excipit
1431 895 1495 926 ille.

980 979 986 985 .
1011 952 1081 983 Hoc
1108 953 1210 984 studio
1235 950 1332 982 functi

1056 1001 1120 1029 tam
1143 1000 1250 1029 saneto
1274 996 1402 1028 foedere
1423 995 1522 1034 J'uncti

1011 1045 1047 1076 In
1072 1045 1194 1076 theatro
1220 1044 1327 1074 mundi

1056 1091 1110 1130 pia
1132 1093 1205 1122 sunt
1228 1089 1407 1129 spectacula
1427 1087 1513 1119 facti.

1148 1163 1351 1199 Responsoria.

980 1236 986 1242 .
1014 1210 1148 1242 Cernens
1166 1211 1287 1242 demum
1300 1209 1443 1248 antiquus
1457 1209 1555 1240 hostis

1010 1259 1098 1287 tanto
1124 1260 1234 1288 conatu
1258 1264 1292 1287 se
1315 1256 1424 1295 impeti

1010 1302 1207 1334 Armaturam
1232 1301 1352 1333 fraudis
1376 1302 1488 1341 induit,

1013 1357 1137 1380 arenam
1155 1350 1262 1386 intrat,
1287 1351 1379 1387 parat
1396 1348 1553 1388 congredi,

976 1418 982 1424 .
1008 1394 1111 1426 Lucra
1134 1395 1324 1427 renascentis

1056 1450 1117 1472 non
1142 1450 1251 1480 passus
1278 1449 1418 1472 crescere
1442 1441 1553 1480 gentis.

977 1521 984 1529 .
1009 1496 1061 1527 Ad
1086 1497 1323 1536 expugnandum
1347 1497 1432 1535 pium
1449 1505 1554 1535 regem

1007 1542 1051 1573 Et
1073 1543 1257 1574 abolendam
1280 1542 1340 1574 Dei
1364 1544 1464 1582 legem

1010 1588 1136 1619 Excitat
1156 1586 1337 1630 (quendam)
1359 1589 1467 1619 ducem
1484 1589 1554 1620 Bri-

1331 1638 1437 1666 tonum

1009 1679 1052 1710 Et
1077 1682 1247 1713 commovet
1268 1681 1300 1711 in
1324 1681 1487 1721 proelium,

977 1751 983 1758 .
1007 1724 1136 1756 Milibus
1160 1728 1322 1765 armatum,

1057 1771 1134 1803 belli
1158 1772 1285 1804 feritate
1308 1774 1484 1812 probatum.

977 1853 983 1859 .
1009 1827 1077 1858 Rex
1102 1828 1261 1860 Oswaldus
1285 1828 1352 1861 Deo
1377 1829 1475 1861 fretus

1011 1873 1129 1905 Paucos
1153 1883 1224 1906 suos
1248 1874 1312 1906 fide
1335 1877 1444 1917 munit,

1009 1919 1109 1951 Hoste
1133 1929 1221 1953 caeso
1246 1921 1346 1953 victor
1370 1923 1461 1955 redit.

976 1990 984 1997 .
1009 1966 1105 2005 Haec,
1127 1967 1223 2006 Deus,
1249 1967 1328 1999 haec
1352 1971 1407 2000 tua
1428 1973 1501 2001 sunt

1058 2015 1089 2043 et
1101 2013 1212 2054 adhuc,
1233 2023 1432 2055 quaecunque
1447 2025 1555 2056 super-

1334 2066 1415 2096 sunt.

980 2128 986 2134 .
1013 2102 1171 2137 Gloriosus
1196 2115 1239 2146 es,
1264 2110 1391 2139 aeterne

1011 2149 1089 2189 Rex,
1114 2153 1166 2189 qui
1189 2153 1269 2184 sicut
1293 2157 1379 2185 tuum
1401 2158 1555 2195 quondam

1013 2195 1255 2239 Constantinum,
1280 2201 1326 2231 sic
1349 2210 1407 2241 per
1423 2203 1555 2244 signum,

1012 2241 1144 2274 Sanctae
1169 2246 1268 2277 erucis
1294 2248 1470 2281 oswaldum

1011 2288 1127 2328 Regem
1150 2293 1343 2333 triumphare
1366 2294 1455 2336 facis,
