1679 2491
740 72 965 107 „41—

234 199 241 205 .
285 159 311 190 3.
330 163 475 190 Mirabilis
493 165 628 191 nimirum
641 165 721 192 Deus
755 166 791 192 In
805 165 936 192 Annonis
954 164 1117 199 virtutibus,
1156 165 1232 191 Dum
1251 164 1396 199 perillum
1409 164 1486 191 caeci

210 207 314 231 visum,
356 199 457 227 Claudi
476 203 646 236 recuperant
663 209 800 237 gressum,
838 201 933 229 Morbi
954 202 1095 234 curantur,
1134 201 1266 228 Pericula
1284 202 1419 228 vitantur.

285 233 312 263 4.
335 236 469 264 Gaudens
490 246 565 272 ergo,
587 238 715 272 ecclesia,
753 239 839 266 Tanti
858 239 949 273 patris
969 238 1108 265 solemnia
1139 236 1355 265 Gratulabunda
1374 239 1487 272 suscipe

209 273 306 306 Preoe,
327 274 403 300 votis
424 276 454 301 et
471 274 605 302 laudibus
644 275 813 302 Devotionis
832 277 958 302 intimae.

286 308 312 337 5.
332 311 407 337 Vere
426 311 510 344 hujus
531 313 673 339 orationes
713 314 741 338 et
760 312 958 346 eleemosynae
995 311 1183 339 ascenderunt
1200 313 1231 338 in
1245 312 1362 344 coelum,
1403 318 1484 345 quem

210 348 343 374 noctibus
371 347 482 374 lumina
527 351 627 375 saneta
654 349 822 376 lustrantem
867 350 961 376 vietus
991 351 1020 376 et
1046 351 1166 376 vestitus
1196 356 1348 384 egenorum
1388 355 1484 383 pros--

211 384 379 419 quebantur.

286 420 334 447 Da
354 420 501 448 dieselben
520 422 660 449 teilweise
677 421 895 455 uni-hythmisch
914 423 979 449 sind
998 422 1056 449 und
1075 423 1106 449 in
1118 422 1144 448 A
1163 422 1220 449 und
1233 423 1265 454 B,
1286 420 1487 456 urspriinglich

210 456 333 489 fehlend,
354 461 412 485 erst
434 459 530 493 spater
543 458 754 494 nachgetragen
768 459 915 492 seheinen,
933 459 1003 486 wir-cl
1017 458 1063 486 die
1079 458 1102 485 1.
1116 459 1231 494 Vesper,
1252 459 1307 485 wie
1318 466 1349 485 so
1365 458 1412 489 oft,
1432 466 1487 485 nur

208 494 276 521 eine
296 494 442 530 Antiphon
461 496 567 531 gehabt
584 495 688 523 haben.

633 620 674 652 12.
714 620 756 651 De
776 621 882 652 saneto
902 620 1064 660 Ansgario.

345 707 390 738 In
416 707 446 739 1.
471 707 685 745 vesperis,

395 774 440 800 Ad
459 773 634 808 Magnificat.

208 835 250 867 A.
276 835 387 866 Pastor
411 833 592 874 apostolice,

321 881 375 911 lux
398 880 557 912 Danorum
583 880 806 919 Sueonumque,

277 926 367 959 Sedis
392 926 549 958 Romanae

320 972 441 1012 legatus
463 972 497 1003 in
520 972 631 1003 ultima
653 974 767 1010 terrae,

273 1019 418 1060 Ansgari‚
444 1018 534 1049 nobis

320 1064 390 1103 pius
413 1065 446 1095 in
464 1063 587 1096 Christo
611 1066 702 1102 pater
724 1064 818 1097 adsiS.

340 1180 400 1211 Ad
423 1179 687 1211 Matutinum.

409 1243 621 1270 Invitatorium.

273 1306 412 1335 Aeterno
437 1303 514 1343 regi,

322 1358 391 1381 cum
416 1357 474 1389 quo
500 1357 620 1388 regnas,
646 1347 790 1387 Ansgari‚

273 1395 417 1427 Lausum
441 1398 618 1427 nostrarum

320 1440 369 1473 fer
392 1441 525 1473 Domino
547 1440 690 1480 jubilum.

340 1557 385 1589 In
412 1557 441 1589 1.
468 1557 524 1588 No
535 1560 655 1588 cturn
665 1565 692 1587 o.

418 1621 610 1656 Antiphonae.

219 1685 248 1717 1.
275 1684 351 1715 Flos
374 1682 580 1721 innocentiae,

274 1731 357 1762 Puer
379 1728 572 1760 Ansoharius
595 1729 703 1760 mente

275 1776 359 1807 Pura
382 1774 625 1807 revelationibus

275 1822 399 1853 Divinis
424 1823 493 1852 erat
514 1822 667 1852 assuetus.

218 1887 325 1920 2.·Ne
347 1886 463 1926 puerili
487 1885 614 1916 cederet

275 1932 414 1965 Levitati
436 1935 564 1963 sanetae
586 1929 648 1962 Dei

276 1978 445 2011 Genitricis
470 1986 549 2009 voce
568 1985 628 2018 per
652 1975 751 2008 visum

274 2027 394 2058 Meruit
416 2024 587 2057 admoneri.

216 2095 249 2126 3.
275 2092 380 2124 Altius
407 2090 596 2122 erudiendus

273 2140 312 2171 In
337 2137 445 2170 divino
469 2137 591 2176 timore,

271 2186 415 2217 Eductus
442 2185 481 2216 de
506 2191 635 2223 corpore

273 2232 478 2264 Examinatus
502 2232 549 2262 est

216 2320 222 2326 .
273 2279 459 2319 Purgatorio
482 2277 564 2318 igne.

1081 707 1284 741 Responsoria.

887 753 916 784 1.
941 751 1071 784 Lucifer
1093 754 1285 784 Ansoharius

990 798 1028 829 de
1054 797 1233 836 Corbejensi
1259 798 1406 830 coenobio

943 843 1014 875 Lux
1036 852 1119 876 nova
1144 844 1268 875 emicuit

987 890 1019 921 in
1044 890 1248 921 barbarorum
1273 889 1428 929 ergastulo

878 937 916 967 V.
940 935 1122 967 Destinatus
1148 936 1188 967 ad
1213 938 1319 975 gentes

988 982 1045 1013 sub
1069 982 1170 1013 sancti
1193 981 1282 1013 Petri
1304 981 1485 1021 patrocinio.

879 1039 910 1069 2.
938 1037 1100 1076 Apparuit
1125 1036 1273 1068 Dominus

986 1083 1077 1115 beato
1101 1083 1275 1114 Ansohario
1299 1092 1357 1121 per
1380 1082 1479 1113 visum

940 1129 985 1160 Et
1009 1128 1225 1160 consolabatur

986 1184 1111 1207 servum
1133 1183 1223 1205 suum

877 1221 912 1251 V.
940 1220 1041 1260 Super
1062 1220 1280 1252 misericordia

990 1269 1020 1297 et
1043 1266 1175 1297 veritate
1198 1274 1262 1296 sua.

886 1323 916 1354 3.
943 1320 1086 1352 Animam
1109 1321 1200 1359 pueri

989 1368 1170 1398 innocenter
1194 1365 1288 1397 occisi

943 1412 1032 1444 Vidit
1054 1413 1124 1452 pius
1149 1412 1296 1451 magister
1320 1411 1444 1442 coelitus

987 1459 1070 1490 inter
1094 1461 1247 1497 martyres
1273 1457 1424 1495 coronari,

878 1505 915 1537 V.
941 1504 1037 1542 Quem
1061 1505 1113 1544 pie
1135 1504 1168 1536 in
1191 1504 1315 1537 Christo
1340 1503 1488 1534 docuerat

990 1551 1164 1582 sublimiter
1188 1550 1412 1588 contemplatus
1430 1551 1485 1581 est.

1010 1634 1055 1665 In
1080 1635 1110 1666 2.
1136 1633 1361 1665 Nocturno.

1087 1692 1278 1727 Antiphonae.

889 1745 919 1776 1.
945 1744 1116 1783 Assumpta
1137 1743 1212 1774 hino
1234 1741 1400 1781 splendide

945 1791 1060 1820 Anima
1081 1790 1113 1820 in
1138 1789 1207 1820 luce

946 1835 1105 1867 Claritatis
1129 1837 1274 1866 aeternae

944 1881 1121 1912 Exhibetur
1144 1881 1210 1919 regi
1234 1880 1360 1920 gloriae.

889 1937 921 1969 2.
946 1936 1028 1968 Prae
1049 1935 1199 1967 ineffabili
1223 1935 1336 1975 gaudio

947 1982 1178 2014 Concinentium
1203 1984 1379 2013 sanctorum

947 2028 1196 2061 obliviscebatur
1217 2028 1283 2066 jam

949 2075 1091 2107 Omnium
1116 2075 1267 2109 dolorum.

889 2133 921 2165 3.
945 2131 1099 2163 Reversus
1122 2132 1157 2162 in
1181 2139 1293 2171 corpus
1317 2138 1439 2161 omnem

948 2177 1041 2217 Spem
1065 2177 1173 2209 mundi
1195 2177 1323 2209 abdicat
1344 2177 1477 2219 penitus,

945 2226 1103 2257 Aeternae
1127 2224 1245 2264 gloriae

946 2272 1062 2308 Amore
1083 2271 1147 2311 J'am
1171 2271 1304 2303 saucius.
