1679 2491
730 102 772 107 .-
821 83 957 117 21-

340 177 371 208 A
382 177 401 208 d
426 177 690 209 Matutinum.

411 235 624 263 Invitatorium.

273 284 373 322 Quem
397 285 569 321 sequuntur
592 283 716 323 agmina

879 177 916 209 V.
944 177 1124 210 sanctitatis
1145 178 1211 216 ⁴jam
1234 175 1410 216 perfectum

990 223 1132 255 obtinens
1155 223 1288 256 initium.

888 289 918 320 3.
946 289 1009 321 Ceu
1034 287 1168 319 fructum
1191 287 1305 318 bonum

277 329 395 360 Sacrae
417 328 555 368 virgines
579 328 714 367 assidue,

236 375 365 407 oDono
392 374 478 412 quus
501 376 588 413 virgo
614 375 696 406 laeta

273 421 360 452 Haec
384 420 463 452 adiit
487 420 678 460 Adalberga,

277 466 494 499 Collaudemus
519 465 695 499 Dominum.

339 540 384 571 In
411 541 443 573 1.
469 539 695 571 Nocturno.

420 598 612 634 Antiphonae.

217 646 252 680 1.
277 645 398 678 Nomen
423 648 520 686 tuum,
542 645 628 677 Deus
652 649 768 686 noster,

325 700 448 730 semper
472 695 520 722 est
542 691 695 730 mirabile,

277 738 335 775 Qui
361 736 464 768 fecisti
491 736 575 768 coelo
605 737 728 776 dignam

324 783 536 822 Adalbergam
560 782 721 822 virginem.

219 840 250 871 2.
277 839 354 871 Orta
378 839 464 876 virgo
490 839 668 869 veneranda

322 885 416 923 regiis
444 883 599 915 natalibus

275 931 384 962 Posuit
406 931 439 961 in
463 938 580 960 summo
605 938 693 960 suum

321 977 387 1007 sole
410 975 654 1007 tabernaculum.

218 1033 249 1064 3.
275 1032 458 1063 Innocentes
480 1039 589 1062 manus
613 1030 730 1061 habens

323 1086 436 1117 corque
459 1076 607 1108 mundum
632 1076 780 1117 retinens,

274 1124 454 1162 Postposita
476 1124 558 1154 mole
583 1123 684 1154 carnis

320 1171 445 1201 scandit
466 1171 602 1200 montem
625 1169 761 1201 Domini.

217 1227 249 1258 4.
275 1225 352 1257 Visu
372 1232 482 1263 gerens
499 1224 662 1263 pulchram
678 1222 820 1263 formam,

320 1270 529 1310 pulchriorem
553 1270 697 1307 animam,

273 1317 352 1356 Ejus
375 1316 468 1347 labiis
492 1323 629 1355 superna

319 1361 430 1393 diffusa
455 1365 502 1392 est
524 1362 637 1401 gratia.

218 1418 248 1451 5.
273 1418 312 1449 ln
336 1416 477 1448 adversis
499 1417 721 1455 prosperisque

311 1465 420 1495 sancta
444 1471 568 1502 semper
593 1463 711 1504 eadem,

270 1509 351 1541 Erat
375 1510 403 1540 ei
427 1508 512 1540 Deus
537 1512 666 1546 scutum,

319 1555 418 1588 virtus
444 1558 476 1585 et
498 1553 662 1595 refugium.

214 1613 244 1644 6.
272 1611 347 1643 Sion
371 1613 511 1642 sanctam
527 1611 605 1641 haec
622 1611 817 1642 circumdans

317 1658 569 1696 amplectensque
592 1656 729 1695 undique

269 1702 454 1735 Laetabitur
479 1706 510 1734 et
532 1703 674 1734 narrabit

313 1750 434 1790 judicia
456 1749 593 1780 Domini.

409 1813 612 1848 Responsoria.

212 1860 244 1894 1.
269 1860 452 1892 Hodiernae
473 1860 553 1891 lucis
575 1858 690 1891 festum

317 1906 402 1938 Deus
428 1905 674 1943 celeberrimum,

268 1953 336 1985 Fac
358 1961 415 1984 nos
439 1961 519 1992 pura
543 1951 703 1983 celebrare

315 2001 420 2031 mente
444 1998 652 2037 devotissime,

191 2046 239 2080 Ὗ,
265 2047 303 2078 In
327 2054 389 2085 qua
413 2047 523 2077 sancta
546 2044 708 2076 sublimari

315 2092 498 2131 Adalberga
524 2091 647 2124 meruit.

198 2151 240 2183 ,2.
267 2148 374 2188 Stirpe
399 2147 501 2180 carnis
526 2146 614 2186 virgo
639 2146 715 2178 felix

311 2203 456 2235 magnum
482 2195 576 2226 decus
601 2195 746 2236 attinens,

263 2242 414 2274 Enutrita
438 2243 486 2272 est
508 2240 661 2279 majorum

310 2297 398 2320 more
419 2287 605 2327 liberaliter,

989 334 1072 365 bona
1097 334 1183 365 dives
1208 334 1313 366 Scotia
1335 333 1452 364 mundo

945 380 1042 412 Dedit
1065 380 1276 419 Adalbergam

990 429 1080 464 patre
1103 434 1175 465 rege
1199 426 1351 464 genitam3

910 497 917 504 .
943 471 1133 503 Veneremur
1156 480 1269 512 genere

942 518 1009 549 Deo
1036 518 1158 557 dignam
1183 518 1345 557 virginem.

911 608 918 616 .
944 581 1067 614 Nobilis
1092 585 1184 621 atque
1208 591 1296 613 sacer

988 626 1045 659 flos
1075 628 1174 659 almae
1197 628 1396 668 virginitatis,

944 673 1050 705 Mater
1072 674 1264 714 Adalberga,

990 717 1114 750 famulis
1139 728 1281 758 rogamus
1306 720 1424 758 adesto,

944 765 1100 803 Quatenus
1125 765 1173 796 his
1197 763 1287 795 festis

988 811 1116 850 proprio
1141 811 1273 842 Domino
1297 810 1487 852 placeamus,

908 880 916 887 .
942 856 1078 888 Vocibus
1104 857 1246 896 expensis

990 903 1040 933 cui
1064 903 1210 934 solvimus
1235 910 1353 942 organa
1375 901 1471 935 vociS.

1003 1008 1049 1039 In
1074 1008 1104 1039 2.
1131 1007 1357 1039 Nocturno.

1085 1075 1276 1111 Antiphonae.

910 1158 917 1164 .
943 1133 1091 1171 Quoniam
1117 1132 1247 1163 timebat
1270 1132 1371 1163 Deum

987 1187 1075 1209 suum
1099 1179 1219 1216 plasma
1243 1177 1354 1209 nobile.

940 1224 1084 1256 Salutare
1107 1225 1167 1255 Dei
1190 1225 1305 1255 mansit

989 1268 1101 1310 [illius]
1126 1270 1157 1300 in
1183 1277 1322 1308 corpore.

909 1359 916 1366 .
943 1334 1086 1366 Gloriosa
1111 1334 1227 1366 Christi
1251 1342 1374 1373 sponsa,

987 1380 1069 1411 bona
1092 1380 1217 1411 mittens
1239 1379 1366 1419 semina,

938 1427 1000 1457 Est
1024 1426 1139 1457 dilecta
1160 1426 1228 1457 Deo
1253 1433 1347 1465 super

986 1471 1083 1504 Jacob
1109 1472 1319 1503 tabernacula.

907 1562 914 1569 .
939 1536 1189 1569 Sanctimonialis
1213 1537 1301 1576 virgo

985 1591 1099 1615 novum
1124 1587 1252 1614 cantans
1276 1583 1430 1614 canticum

939 1630 1071 1661 Domino
1095 1628 1302 1661 benedicebat

987 1676 1113 1715 ejusque
1136 1678 1244 1707 sancto
1268 1675 1394 1708 nomini.

906 1765 913 1773 .
939 1742 1058 1772 Amans
1080 1741 1161 1779 ignis
1185 1749 1275 1779 quem
1300 1739 1473 1779 praecedit,

985 1786 1151 1818 benedicta
1173 1785 1290 1817 femina

938 1832 1104 1864 Adorabat
1126 1832 1228 1870 ipsum
1252 1832 1350 1863 solum

987 1886 1135 1917 respuens
1161 1878 1328 1916 sculptilia.

907 1967 913 1975 .
939 1943 1133 1974 Recordatus
1158 1951 1214 1974 rex
1240 1943 1383 1975 coelestis

987 1998 1061 2020 suae
1084 1989 1316 2021 misericordiae

939 2035 1139 2075 Adalbergae
1162 2036 1306 2067 misertus
1332 2040 1379 2067 est

983 2085 1017 2112 ut
1043 2082 1146 2114 domui
1169 2083 1278 2115 Israel.

904 2171 912 2179 .
936 2147 1020 2178 Aula
1043 2147 1125 2187 regis
1150 2151 1331 2180 consecrata

983 2193 1070 2235 virgo
1093 2194 1337 2234 prudentissima

936 2240 1060 2280 Jugiter
1084 2241 1280 2274 custodiebat

984 2287 1051 2326 ejus
1078 2288 1265 2321 testimonia.
