1679 2491
723 74 952 108 —23-

641 165 667 195 5.
707 163 749 195 De
769 164 874 196 saneto
894 164 1029 204 Agricio.

328 249 373 280 In
399 251 429 283 1.
455 251 562 290 Vesp
574 251 667 283 eris.

403 323 597 358 Antiphonae.

224 407 233 415 .
257 381 320 414 Hic
342 383 526 421 patriarcha
552 384 639 423 prius

306 429 457 460 exsistens
481 428 704 470 Antiochffiius,

258 474 296 505 In
320 474 444 506 Treviri
466 476 594 514 praesul

305 520 455 552 successit
477 524 550 560 post
575 522 745 557 duodenus.

226 611 233 618 .
260 586 356 618 {iussu
379 585 524 618 Silvestri

306 634 413 671 gentes
437 633 546 663 adiens
570 633 777 664 Treverorum

259 676 328 708 Illis
351 676 389 707 fit
411 681 529 716 pastor,

304 722 421 761 primas
430 731 550 762 quoque
556 723 805 755 Teutonicorum.

226 812 232 818 .
258 786 320 817 Hic
343 787 560 818 moderatricis

304 832 444 865 Helenae
468 842 558 864 carus
584 836 615 864 et
638 836 739 872 aptus,

256 878 335 917 Ejus
359 879 479 919 legatus

305 927 407 956 exstat
430 933 487 963 per
511 933 640 956 munera
663 924 773 957 faetus,

224 1015 232 1023 .
256 988 301 1020 Et
324 989 435 1020 merito
461 997 550 1020 carus

304 1035 450 1074 Agricius
476 1043 543 1066 esse
568 1034 699 1073 feratur,

260 1080 318 1118 Qui
341 1081 412 1119 pius
437 1083 469 1111 et
492 1081 640 1120 prudens,

303 1127 427 1158 humilis
453 1130 617 1166 castusque
641 1127 801 1165 probatur.

222 1217 230 1224 .
256 1191 317 1223 Est
339 1191 486 1223 Treveris
513 1191 618 1223 clavus

303 1237 432 1268 Domini
443 1239 629 1276 sanetusque
640 1237 803 1275 Matthias,

255 1282 336 1314 Lata
359 1291 418 1321 per
440 1283 601 1322 Agricium

303 1337 434 1360 munera
456 1331 545 1360 tanta
568 1330 659 1361 sciaS.

220 1418 227 1426 .
253 1393 322 1431 Age
348 1391 471 1431 festum,
496 1393 657 1434 Teutonia‚

300 1438 349 1469 De
374 1439 497 1478 hospite
520 1441 674 1478 suscepto⁷

256 1484 351 1522 Quem
376 1485 472 1516 mittit
495 1485 664 1516 Antiochia

300 1530 420 1562 Fructu
444 1540 502 1569 per
526 1530 609 1562 hunc
632 1532 765 1571 adept03

253 1576 336 1608 Tuos
362 1577 437 1608 colit
459 1577 604 1617 Agricius

300 1624 402 1663 Agros
426 1622 609 1663 fertilitatis,

253 1669 512 1702 Remunerandus
536 1670 653 1710 largius

299 1717 391 1747 Anno
416 1716 631 1757 benignitatis3

216 1786 224 1794 .
250 1762 418 1795 Fructibus
445 1763 592 1794 emeritae

299 1809 375 1841 coeli
401 1809 504 1849 replet
526 1809 640 1841 horrea
663 1809 755 1842 vitae.

373 1892 419 1919 Ad
437 1891 614 1927 Magnificat.

217 1977 223 1984 .
251 1953 276 1985 O
301 1955 393 1993 pater
416 1953 531 1992 Agriti,

298 2001 385 2040 cujus
412 1999 524 2031 festum
550 2007 744 2037 veneramur,

250 2046 349 2079 Nobis
378 2045 463 2078 felici

299 2093 466 2125 concludas
492 2092 555 2124 fine
577 2100 752 2131 precamur,

250 2140 294 2172 Et
317 2148 357 2172 ne
381 2140 423 2171 sit
448 2139 560 2171 dubius

295 2186 377 2226 finis,
405 2187 460 2219 des
484 2186 715 2217 immaculatam

248 2234 353 2267 Vitam
376 2233 541 2274 propitius,

297 2289 376 2321 quae
402 2281 454 2312 det
479 2280 547 2312 sine
570 2278 632 2311 fine
654 2279 787 2311 beatam.

995 251 1054 282 Ad
1078 251 1338 284 Matutinum.

1061 323 1272 352 Invitatorium.

926 380 1021 419 Regis
1045 380 1207 412 adoremus

973 426 1129 465 magnalia
1154 430 1264 458 cuncta
1287 427 1432 466 regentis,

927 471 985 510 Qui
1011 472 1099 503 dedit
1120 472 1279 512 Agricium

976 517 1015 549 de
1037 518 1178 557 partibus
1203 519 1264 550 huc
1287 519 1430 550 Orientis.

994 637 1038 668 ln
1066 638 1094 670 1.
1121 638 1177 669 No
1188 642 1343 671 cturno.

1069 708 1192 744 Antiphc
1198 718 1261 737 nae.

894 789 901 796 .
927 765 989 796 Est
1010 765 1158 796 Treveris
1182 766 1289 797 clavus

972 810 1098 842 Domini
1110 813 1296 850 sanctusque
1306 812 1468 851 Matthias,

926 857 1009 888 Lata
1030 866 1088 896 per
1112 857 1272 897 Agricinm

964 911 1094 934 munera
1117 905 1206 934 tanta
1229 903 1319 936 scias.

893 982 900 990 .
924 958 1071 990 Treveris
1096 959 1137 989 ad
1160 959 1309 990 vomitum

973 1005 1097 1035 rediens
1122 1005 1288 1036 simulacra
1312 1005 1442 1047 colebat,

927 1050 985 1082 Cui
1011 1051 1104 1082 datur
1126 1051 1280 1091 Agricius‚

972 1105 1061 1136 quem
1097 1105 1218 1128 sacrum
1253 1105 1386 1136 pneuma
1419 1106 1467 1129 re-

1248 1143 1366 1182 plebat.

893 1221 901 1230 .
927 1197 999 1228 Nou
1025 1200 1169 1228 causatur
1192 1197 1253 1228 iter

970 1243 1096 1283 longum
1120 1242 1295 1281 multosque
1316 1243 1452 1284 labores,

925 1287 1081 1320 Christum
1108 1291 1208 1319 morte
1231 1288 1332 1319 sciens

971 1337 1094 1365 nostros
1117 1335 1232 1365 lenisse
1257 1335 1389 1366 dolores.

1063 1417 1191 1450 Respons
1204 1417 1265 1443 mia.

891 1496 897 1503 .
923 1472 1112 1511 Jucundare,
1138 1472 1228 1511 plebs
1254 1474 1374 1514 devota,

924 1518 1065 1550 Celebris
1088 1518 1214 1558 insurge
1236 1521 1313 1558 tota,

922 1565 999 1596 Dies
1024 1565 1112 1596 adest
1139 1565 1230 1605 digne
1252 1568 1327 1597 nota

969 1611 1128 1644 Praesulis
1151 1612 1283 1652 Agrion,

889 1684 895 1691 .
922 1657 1006 1696 Sion,
1032 1657 1199 1697 applaude,

969 1707 1077 1735 sancto
1101 1707 1136 1735 tu
1162 1713 1295 1736 consona
1318 1706 1429 1745 gaude.

891 1787 897 1793 .
921 1759 1010 1791 Haec
1035 1763 1083 1791 est
1107 1760 1183 1800 dies,
1210 1769 1270 1799 qua
1294 1760 1403 1791 beatus

922 1806 1069 1845 Agricius
1098 1809 1146 1837 est
1168 1806 1302 1837 nudatus

921 1852 1016 1882 Veste
1039 1852 1140 1883 carnis
1166 1854 1198 1883 et
1221 1852 1389 1883 translatus

968 1897 1021 1928 Ad
1047 1898 1123 1929 coeli
1148 1898 1307 1937 palatium,

887 1967 894 1975 .
921 1944 1017 1982 Quem
1042 1944 1107 1975 veri
1132 1944 1207 1976 solis

969 1991 1100 2030 suscipit
1123 1991 1188 2022 alta
1210 1988 1313 2027 πόλις.

890 2073 896 2080 .
922 2045 1031 2078 Oriens
1056 2047 1138 2078 hunc
1161 2047 1315 2087 educavit,

922 2092 1032 2124 Oriens
1056 2093 1138 2124 hunc
1161 2093 1319 2133 exaltavit,

922 2138 1028 2178 Ipsum
1052 2139 1142 2171 nobis
1169 2140 1324 2180 delegavit

967 2185 1054 2218 Urbe
1077 2187 1263 2227 Antiochia3

886 2259 892 2265 .
918 2232 1064 2264 Partibus
1092 2234 1230 2265 occiduis

968 2280 1022 2311 dat
1046 2281 1141 2311 solem
1166 2290 1240 2320 pars
1266 2281 1412 2315 Orientis,
