1679 2491
721 79 947 113 *61—

207 173 238 204 2.
265 171 349 209 Quae
373 172 414 202 sit
439 171 522 203 beati
547 174 706 212 sanctitas,

264 217 330 248 Viri
355 217 513 256 signoruni
538 219 663 250 claritas

308 263 370 295 Per
394 263 502 294 orbem
527 264 708 305 divulgavit,

259 309 313 339 Ad
339 308 405 346 ejus
429 317 541 347 nempe
564 310 715 341 tumulum

260 353 451 386 Defunctum
472 357 572 387 mater
596 357 760 394 parvulum

306 399 417 431 Vivum
441 401 654 442 recuperavit3

192 443 233 479 V.
260 446 355 485 Quem
380 447 526 486 tangebat
548 446 724 486 infirmitas,

307 491 421 523 Sanum
445 492 586 524 bovellus
611 494 732 525 oculum

357 538 527 570 Exsultans
552 540 734 578 reportavit.

204 594 236 625 3.
261 592 286 624 O
313 593 464 624 virtutum
487 603 542 625 vas
561 594 701 634 odorum,

308 639 417 678 Balde‚
444 639 521 671 felix
548 640 742 681 Christicola,

263 684 362 716 Coetu
386 686 523 724 gaudens
546 687 579 717 in
606 687 766 718 doctorum

307 731 499 762 Praemiatus
524 733 659 772 aureola,

259 775 322 807 Pro
345 777 446 808 salute
468 779 661 810 servulorum

308 823 439 854 Precum
462 824 598 855 libamen
622 825 756 857 immola.

194 868 232 900 V.
259 866 388 900 Gemma
411 869 522 908 nitens,
547 869 604 902 flos
628 871 661 902 in
684 870 794 903 florum

306 914 440 946 Pulchre
462 924 595 947 vernans
620 917 735 957 areola,

258 959 358 991 Recta
380 961 441 1000 via,
467 971 576 993 norma
597 971 727 1002 morum,

307 1006 419 1047 Balde,
446 1007 588 1039 coelestis
610 1008 724 1041 incola.

434 1097 566 1125 Prosula.

204 1153 233 1184 1.
260 1151 378 1184 Solaris
404 1162 530 1185 consors
554 1155 688 1196 luminis,

307 1198 393 1230 Coeli
416 1199 513 1239 sidus,
538 1200 658 1232 irradia

257 1243 419 1275 Inter-ioris
444 1245 576 1276 hominis

307 1289 416 1321 Nostri
439 1291 541 1322 visens
565 1291 759 1330 praecordia.

203 1354 235 1385 2.
260 1352 363 1385 Exilis
385 1354 603 1386 modulaminis

305 1399 448 1438 Accepta.
470 1403 503 1431 tu
528 1402 705 1439 praeconia,

265 1442 350 1482 Quae
374 1447 419 1476 tui
441 1447 552 1486 pangit
573 1446 705 1478 nominis

306 1491 394 1523 Haec
418 1492 452 1523 in
478 1493 571 1524 laude
594 1491 723 1527 familia.

201 1556 233 1588 3.
259 1555 370 1588 Nostri
395 1556 517 1594 culpam
541 1559 739 1597 peccaminis,

304 1602 405 1634 Balde
430 1602 598 1643 confessor,
624 1604 716 1643 expia

261 1648 454 1688 Precumque
479 1649 561 1688 proli
586 1650 714 1690 virginis

303 1694 365 1726 Pro
390 1694 480 1727 nobis
504 1694 658 1728 sacrificia

368 1741 509 1774 Immola.

351 1851 395 1884 In
419 1853 504 1884 Lau
517 1853 647 1887 dibus,

404 1916 597 1951 Antiphonae.

200 1973 231 2007 1.
256 1973 474 2006 Praecinctum
500 1972 686 2004 fortitudine

305 2019 381 2051 Cum
408 2020 520 2051 decore
544 2019 704 2057 virtutum,

257 2065 345 2099 Coeli
368 2066 503 2098 Baldum
526 2066 559 2096 in
583 2066 706 2104 agmine

304 2113 449 2145 Colamus
476 2113 687 2145 constitutum.

871 175 902 207 2.
928 173 996 205 Jam
1022 175 1055 205 in
1078 178 1245 212 conspectu
1266 175 1381 213 jubilat

975 219 1093 251 Beatae
1116 219 1276 259 trinitatis,

927 265 992 297 Ubi
1015 266 1184 304 splendore
1207 266 1317 298 rutilat,

973 311 1107 343 Divinae
1132 311 1295 343 claritatis.

874 385 905 416 3.
931 384 1076 422 Suscepit
1094 384 1155 415 Dei
1180 384 1309 416 dextera

973 430 1041 461 Sibi
1065 431 1303 469 compatientem

928 475 972 506 Et
997 476 1101 507 evexit
1123 476 1165 507 ad
1190 475 1296 507 sidera

970 521 1047 553 Post
1069 530 1104 552 se
1127 523 1173 553 sic
1197 521 1436 555 adhaerentem.

870 596 903 627 4.
928 594 1048 626 Cuncta
1069 603 1153 625 nunc
1176 594 1354 626 benedicite

975 641 1086 672 Creata
1111 641 1244 673 creatori

927 687 1089 726 Melosque
1112 687 1214 718 Baldo
1238 687 1377 727 pangite,

973 733 1071 764 Beato
1095 731 1277 766 confessori.

871 808 900 840 5.
924 806 1046 837 Exutus
1072 807 1173 837 carnis
1197 807 1321 838 sarcina

972 852 1072 883 Deum
1095 851 1206 883 laudat
1227 853 1261 883 in
1286 853 1392 893 caelis,

930 897 985 929 Cui
1008 897 1135 929 laudum
1157 898 1368 930 modulamina

976 943 1069 976 Plebs
1093 945 1255 983 impendat
1277 943 1389 976 fidelis.

1043 1042 1088 1070 Ad
1107 1043 1289 1071 Benedictus.

862 1107 902 1140 A.
927 1107 1035 1138 Precis
1059 1117 1149 1147 opem
1173 1109 1317 1148 suffragio

974 1153 1083 1192 Nobis,
1109 1163 1127 1185 o
1150 1154 1259 1193 Balde,
1286 1155 1423 1194 porrige,

930 1199 1015 1239 Rege
1038 1203 1155 1231 stantes
1178 1201 1212 1231 in
1236 1201 1347 1241 stadio,

974 1245 1074 1284 Culpa
1095 1248 1268 1284 prostratos
1294 1246 1386 1289 erige,

931 1290 1000 1330 Tui,
1022 1299 1111 1322 sacer
1135 1292 1239 1330 opilio,

974 1336 1081 1368 Mores
1105 1337 1195 1369 ovilis
1220 1338 1341 1378 corrige

929 1382 1054 1420 Nosque
1078 1385 1110 1413 te
1135 1384 1213 1415 duce
1235 1384 1364 1423 praevio

973 1429 1065 1460 Pacis
1089 1428 1121 1459 in
1145 1428 1226 1460 viam
1252 1429 1362 1469 dirige.

997 1567 1042 1599 In
1068 1570 1098 1599 2.
1123 1567 1338 1607 Vesperis.

1048 1630 1094 1658 Ad
1112 1631 1287 1666 Magnificat.

862 1696 903 1728 A.
929 1696 954 1727 O
978 1697 1105 1735 praesul
1130 1697 1249 1737 eximie,

972 1743 1037 1775 Vas
1061 1746 1211 1775 virtutum
1234 1744 1380 1783 omnium,

926 1787 1095 1820 Lochensis
1121 1789 1271 1820 ecclesiae

971 1834 1086 1865 Nobile
1112 1834 1296 1876 depositum,

1018 1879 1128 1918 Balde,
1153 1889 1267 1920 praeco
1293 1881 1421 1922 Christi,

928 1925 1078 1957 Adstanti
1100 1928 1268 1958 memoriae

972 1972 1060 2003 Tuae
1083 1973 1169 2012 plebi
1193 1973 1341 2012 gaudium

926 2017 977 2050 Da
1001 2019 1141 2050 coelestis
1164 2020 1294 2059 patriae,

971 2065 1060 2104 Quod
1084 2065 1143 2096 tibi
1166 2074 1224 2105 per
1246 2066 1392 2098 meritum

1019 2111 1133 2151 Ingens
1158 2113 1328 2152 acquisisti.

264 2205 400 2242 „Regalis
427 2207 456 2233 et
481 2205 652 2240 collegiatae
678 2203 817 2232 ecclesiae
835 2202 1040 2231 Sanctissimae
1059 2204 1116 2232 Dei
1134 2206 1283 2239 genitricis
1302 2207 1330 2232 et
1347 2205 1474 2243 virginis

188 2243 301 2271 Mariae
312 2243 482 2275 Lochensis,
504 2244 620 2270 sunctae
640 2242 701 2269 sedi
714 2241 898 2277 Apostolicae
909 2241 1076 2268 immediate
1089 2242 1241 2277 subjectae,
1262 2243 1471 2270 Breviarium.‘·

188 2281 261 2317 Imp.
280 2281 444 2308 Tur-onibus
467 2277 547 2308 1536.
566 2295 600 2299 —
624 2278 757 2314 Hymnen
776 2278 855 2305 siehe
873 2277 1013 2306 Analecta
1030 2278 1081 2312 IX,
1102 2287 1129 2314 p.
1150 2277 1185 2307 81
1206 2288 1248 2315 sq.
