1656 2491
794 115 1025 149 ...84„-

307 237 315 244 .
339 214 467 245 Proficit
490 213 522 243 in
546 212 681 243 moribus

383 258 471 291 Infra
493 258 592 297 patris
612 260 710 294 septa,

339 305 377 335 In
401 305 518 335 cunctis
543 302 686 341 operibus

385 350 524 381 Gratiam
547 349 670 386 adepta,

341 395 460 427 Crescit
485 396 550 432 ejus
573 393 712 424 manibus

382 441 445 471 Res
470 440 593 478 quaevis
617 442 751 476 recepta.

305 510 312 517 .
339 486 424 516 Sicut
447 486 565 523 lecytus
588 484 768 522 liquoribus,

338 531 461 569 Hydria
483 529 603 560 farinae
626 529 756 568 panibus

383 576 533 607 Abundat
555 576 587 606 in
612 574 751 612 Sarepta.

307 673 314 680 .
340 649 433 688 Virgo
459 649 631 686 decoratur,

383 695 481 725 honor
505 694 624 732 amplus
648 694 675 724 ei
697 693 877 731 cumulatur,

340 740 482 779 »Synodus
505 739 649 780 instabat,

384 794 465 816 nova
485 785 613 824 Brigida
629 785 720 815 stella
734 783 878 822 micabat,

341 834 437 862 bacra
461 831 570 861 cohors
594 830 724 868 plaudit,

385 877 457 915 quia
479 876 599 914 signum
624 876 749 906 coelitus
773 874 871 905 audit.

306 946 312 953 .
338 921 506 960 Presbyter
529 922 608 952 hanc
631 921 722 951 aliam

387 967 547 998 denuntiat
570 975 637 996 esse
659 966 802 996 Mariam.

408 1090 453 1120 111
479 1091 509 1121 3.
534 1089 753 1120 Nocturno.

481 1156 669 1191 Antiphonae.

312 1246 319 1253 .
344 1222 475 1252 Vertens
499 1222 530 1251 in
557 1221 716 1252 cervisiam

387 1267 561 1297 Fontanum
585 1267 734 1304 liquorem

343 1312 480 1344 Nutricis
504 1313 640 1350 inopiam

386 1358 482 1388 Pellit
504 1361 533 1388 et
556 1358 743 1396 languorem.

288 1435 318 1460 =.
344 1431 498 1468 Quidquid
522 1430 601 1461 vidit
623 1430 710 1460 oculo

388 1476 446 1507 Vel
469 1484 561 1505 manu
583 1475 738 1513 tangebat,

346 1521 478 1552 coelesti
501 1521 649 1551 miraculo

388 1566 581 1598 Crementum
604 1566 751 1596 sumebat.

286 1644 316 1671 ⁸.
344 1640 475 1677 Christo,
500 1639 548 1670 bis
572 1648 627 1670 sex
650 1640 798 1677 apostolis

386 1687 504 1717 Vaccas
530 1686 641 1716 devota
665 1685 799 1724 dedicat,

344 1732 483 1770 Impletis
509 1731 625 1761 cunctis
649 1731 782 1762 vasculis

387 1777 536 1815 Butyrum
561 1785 595 1806 se
617 1777 812 1815 multiplicat.

478 1872 679 1907 Responsoria.

311 1959 312 1963 ,
341 1933 446 1971 Larga
465 1942 573 1964 manus
597 1933 744 1972 Brigidae

343 1978 418 2010 Cani
444 1979 543 2009 carnis
568 1979 678 2010 avidae

387 2025 501 2055 Frusta
525 2024 658 2062 quinque
678 2025 763 2062 jecit,

344 2069 470 2100 Grande
493 2078 550 2108 per
572 2070 752 2101 miraculum

343 2115 470 2146 Nullum
495 2116 555 2146 sibi
579 2115 728 2146 ferculum

387 2161 423 2192 1n
449 2169 544 2192 coena
568 2161 691 2193 defecit.

277 2207 315 2238 V.
340 2207 459 2238 Horum
482 2211 581 2247 gestat
605 2209 738 2240 omnium

340 2253 462 2291 Hospes
487 2254 702 2292 testimonium.

386 2300 481 2338 Quem
503 2300 590 2339 virgo
614 2300 732 2334 refecit.

943 209 973 238 2.
997 208 1089 238 Felix
1112 207 1198 245 virgo
1223 207 1344 238 viscera

1045 252 1164 284 Gerens
1188 252 1313 291 pietatis

998 299 1114 330 Ensem
1138 299 1237 337 patris
1264 299 1393 330 dextera

1044 345 1160 376 Domat
1182 345 1332 380 caritatis,

999 391 1068 422 Rex
1092 393 1197 428 stupet
1220 391 1260 421 ad
1285 399 1381 428 opera

1045 438 1165 468 Tantae
1188 436 1352 475 largitatis.

964 505 970 511 .
997 483 1059 513 Illa
1082 490 1157 513 voce
1182 481 1282 512 libera

1044 527 1148 558 Dixit:
1176 528 1254 565 Rex,
1281 528 1427 565 credatis,

1001 573 1084 604 Hinc
1107 581 1172 611 vos,
1197 576 1302 603 vestra
1326 577 1430 603 cetera

1044 619 1127 650 Date
1152 618 1274 649 Christo
1299 619 1408 657 gratis.

968 713 974 718 .
1000 688 1140 727 Regnum
1164 687 1272 718 mundi
1296 687 1417 725 respuit

1044 733 1141 772 Virgo
1165 733 1231 764 Deo
1257 736 1355 772 grata,

1000 779 1084 810 Mira
1106 787 1167 817 res,
1193 787 1284 817 quam
1308 779 1416 816 voluit,

1044 824 1087 855 Et
1113 828 1160 855 est
1182 825 1358 862 impetrata,

1001 870 1114 902 Oculus
1138 879 1210 901 nam
1235 871 1366 908 crepuit,

1046 915 1095 946 Ne
1118 916 1158 946 sit
1183 916 1339 947 maritata.

964 982 971 989 .
997 961 1090 992 Hunc
1113 962 1198 993 Deus
1222 962 1369 998 restituit,

1045 1007 1214 1046 Postquam
1239 1010 1287 1038 est
1309 1007 1420 1045 velata,

1000 1053 1111 1084 Facies
1135 1053 1206 1091 plus
1230 1053 1349 1091 placuit

1049 1098 1170 1129 Christo
1195 1097 1372 1129 reformata.

1113 1226 1173 1257 Ad
1196 1225 1368 1258 Laudes.

1144 1294 1334 1328 Antiphonae.

969 1384 975 1389 .
1001 1358 1183 1389 Thalamum
1207 1360 1313 1397 sponsi
1335 1359 1464 1399 Brigida

1048 1403 1193 1435 Gaudens
1217 1405 1366 1440 introivit,

1001 1450 1096 1488 Quem
1121 1450 1251 1480 caritate
1274 1449 1397 1482 fervida

1047 1495 1175 1534 Semper
1200 1498 1385 1535 concupivit.

969 1584 978 1591 ,
1003 1559 1087 1590 Nata
1109 1560 1191 1590 lacte
1216 1561 1316 1591 calido

1046 1604 1211 1644 Signanter
1233 1609 1279 1636 est
1301 1607 1375 1646 lota,

999 1651 1045 1682 Ut
1067 1652 1187 1689 pudore
1211 1653 1343 1684 candido

1046 1697 1139 1728 Vivat
1162 1698 1264 1728 nitens
1287 1702 1363 1732 tota.

969 1787 975 1792 .
1003 1762 1090 1794 Cella
1112 1763 1293 1803 pudicitiae,

1046 1808 1184 1849 Brigffla,
1209 1808 1305 1848 fuisti,

1003 1854 1167 1892 Speculum
1191 1856 1371 1891 munditiae,

1047 1900 1151 1941 Virgo,
1177 1910 1291 1940 sponsa
1316 1902 1441 1934 Christi.

971 1990 976 1995 .
1001 1964 1083 1995 Dum
1110 1965 1218 1996 devote
1243 1968 1382 2006 sequitur

1047 2011 1132 2049 Opus
1156 2012 1293 2050 pietatis,

1004 2056 1088 2087 Odor
1112 2057 1176 2088 late
1199 2060 1356 2098 spargitur

1047 2103 1166 2134 Tantae
1188 2106 1373 2138 sanctitatis.

946 2186 976 2197 ι.
1001 2166 1158 2205 Leprosus
1183 2169 1352 2201 subsidium

1047 2214 1159 2245 Petens
1185 2216 1323 2247 caritatis

1001 2258 1102 2290 Sentit
1124 2260 1304 2293 beneficium

1045 2306 1161 2338 Plenae
1184 2309 1336 2343 sanitatis.
