1656 2491
236 164 273 195 V.
300 161 472 194 Prudentes
496 158 640 198 virgines,

299 209 417 248 Aptate
439 205 608 247 lampades,

347 254 473 287 Fideles
499 251 616 284 debiles

348 299 457 332 Facite
479 298 600 338 lapides

393 346 430 377 In
455 345 534 376 coeli
555 344 644 376 solio.

249 405 278 436 3.
307 402 463 434 Generosa

349 447 454 480 frutex
476 446 633 486 prosapia,

309 494 451 527 Gratiosa

350 544 405 572 tua
427 538 582 581 facundia,

307 587 450 619 Gloriosa

351 633 458 666 Habes
483 631 602 671 sedilia,

309 679 476 711 Luminosa

355 724 456 756 Consis
464 726 533 755 tunt
555 723 693 762 praemia

400 771 437 802 In
461 770 612 808 superniS.

247 817 283 848 V.
310 816 500 847 Subarrhata

356 862 416 894 Per
441 861 595 894 Christum
619 861 731 891 annulo

314 908 357 939 Et
377 908 486 938 ornata

357 953 392 984 In
418 953 495 983 coeli
520 951 633 983 circulo

403 998 568 1029 Exaltaris.

409 1090 451 1121 In
477 1089 696 1121 Laudibus

455 1152 645 1186 Antiphonae.

262 1210 290 1241 1.
316 1210 380 1241 Has
404 1209 523 1248 puellas
546 1208 668 1239 inclitas

362 1255 499 1287 Christus
526 1254 682 1286 decoravit

317 1302 360 1333 Et
382 1301 527 1339 gemellas
552 1300 650 1331 editas

363 1346 495 1385 Spiritus
518 1346 667 1385 regnavit.

261 1404 291 1434 2.
318 1401 437 1433 Gaudio
461 1401 597 1432 mirabili

366 1446 479 1478 Gentes
500 1446 641 1484 jubilate,

319 1493 356 1524 In
382 1493 467 1523 coelo
490 1491 624 1532 fulgibili

362 1538 485 1577 Duplae
508 1541 579 1569 sunt
601 1539 727 1570 locatae

838 63 905 97 222
956 81 995 87 -

905 157 935 189 3.
962 156 1030 188 Rex
1056 162 1113 193 per
1134 152 1209 184 istas
1232 150 1424 188 laudabitur,

1011 201 1089 241 Quia
1112 198 1233 238 fulgent
1255 196 1433 235 virtutibus,

964 247 1145 286 Natumque
1167 243 1343 285 mirabitur,

1011 294 1150 333 Quantae
1173 292 1246 323 sunt
1263 290 1297 322 in
1314 288 1508 321 coelestibus.

932 376 938 382 .
964 349 1151 383 Benedictus

1010 397 1043 428 in
1070 396 1135 435 poli
1160 394 1288 427 cardine

967 444 1083 476 Adstat
1106 442 1247 474 Christus

1011 498 1068 529 pro
1093 489 1152 521 isto
1176 487 1313 527 germine

1078 535 1225 567 Salutari.

935 619 941 626 .
966 591 1066 624 Deum
1091 599 1158 622 cum
1182 589 1362 628 virginibus,

1011 638 1134 676 Populi,
1156 637 1293 677 laudate,

970 684 1045 715 Cum
1069 683 1184 714 sanetis
1209 681 1382 722 agminibus

1013 730 1089 762 Polo
1113 732 1185 762 sunt
1207 729 1337 760 locatae.

1083 802 1128 828 Ad
1148 800 1329 828 Benedictus,

936 884 943 890 .
970 857 1109 889 Christus
1133 866 1189 889 nos
1212 855 1355 888 reficiens

1014 904 1133 935 Mundo
1157 903 1318 934 benedixit

970 950 1014 982 Et
1038 959 1075 981 ex
1099 950 1162 981 alto
1187 950 1289 980 oriens

1016 996 1099 1027 Vera
1121 996 1175 1026 lux
1196 995 1308 1034 illuxit,

969 1041 1050 1073 Dum
1072 1044 1242 1072 monstrum
1265 1038 1450 1071 mellifluens

1016 1089 1053 1120 In
1073 1088 1162 1119 nobis
1187 1087 1344 1126 produxit,

1042 1189 1085 1221 In
1111 1191 1141 1221 2.
1168 1188 1378 1227 Vesperis.

1091 1252 1134 1279 Ad
1153 1251 1327 1287 Mag-nificat.

941 1335 948 1341 .
973 1308 1171 1348 Magnificam
1194 1309 1371 1348 Dominum,

1020 1355 1077 1393 Qui
1100 1357 1269 1386 monstrum
1292 1356 1435 1393 prodidit

974 1400 1132 1433 Mentibus
1153 1400 1312 1432 hominum

972 1447 1015 1479 Et
1039 1448 1093 1478 dat
1115 1448 1278 1478 terminum

974 1493 1067 1524 Vitae
1087 1493 1200 1532 puellis
1222 1494 1372 1525 luminum

1022 1539 1136 1570 Sancta
1156 1540 1240 1571 sede.

330 1604 413 1630 Brev.
432 1601 605 1629 Tolosanum
625 1603 690 1637 imp.
709 1602 829 1629 Parisiis
851 1600 929 1630 1553.
966 1621 984 1623 ἡ
1003 1603 1039 1629 In
1059 1602 1083 1630 1.
1103 1604 1184 1631 Noct.
1205 1601 1225 1629 R
1247 1601 1272 1637 1,
1291 1601 1309 1629 2
1330 1603 1460 1631 Gressus.
1480 1618 1517 1623 —

255 1637 275 1665 R
300 1637 331 1672 2,
355 1638 374 1666 4
401 1638 518 1665 calculo.
538 1653 574 1657 —-
592 1639 627 1665 In
646 1636 671 1664 2.
690 1639 771 1666 Noct.
792 1638 811 1664 R
832 1637 862 1674 2,
887 1638 904 1666 S
923 1641 996 1667 viae.
1016 1653 1053 1658 —
1070 1640 1106 1668 111
1124 1638 1150 1667 3.
1170 1641 1252 1668 Noetu
1272 1639 1295 1666 Α
1315 1639 1345 1674 2,
1369 1639 1389 1668 4
1409 1641 1516 1668 Cordas

255 1676 359 1703 ducens
377 1676 514 1702 laetitiae.
533 1689 570 1694 ——-
589 1673 610 1700 R
630 1673 663 1708 2,
685 1674 698 1687 ¹³
719 1684 747 1702 u.
767 1674 785 1702 6
803 1676 973 1711 umgestell‘t.
992 1691 1026 1695 —
1046 1678 1082 1704 111
1099 1677 1190 1704 Laud.
1211 1675 1233 1703 Α
1255 1677 1280 1712 1,
1300 1676 1315 1704 1
1336 1678 1461 1705 inclitus.
1481 1693 1518 1697 —-

253 1712 275 1738 Α
305 1711 334 1747 1,
354 1711 372 1740 3
397 1712 525 1747 gemellis
545 1712 645 1739 editus.
664 1726 702 1731 —
721 1710 741 1738 Α
767 1712 801 1747 4,
826 1710 843 1740 3
863 1713 966 1740 Adstat
985 1713 1054 1747 jam.
1073 1728 1111 1734 —-
1129 1715 1163 1741 In
1182 1712 1209 1741 2.
1226 1714 1311 1750 Vesp.
1332 1715 1369 1742 ad
1387 1716 1463 1742 Mac».
1485 1715 1516 1748 Α,

253 1748 271 1776 2
291 1750 404 1784 prodiit.
424 1764 459 1768 —
478 1749 612 1783 Hymnen
632 1749 679 1776 cfr.
699 1750 836 1777 Analecta
855 1751 905 1787 XI,
925 1759 952 1785 p.
972 1748 1036 1777 221.
1437 1740 1454 1751 ⁰

670 1839 715 1870 86.
753 1840 795 1870 De
813 1841 915 1870 saneto
934 1840 1099 1881 Raphaele.

387 1916 431 1947 In
456 1917 484 1949 1.
511 1917 720 1955 Vesperis.

433 1996 524 2033 Super
541 1998 680 2026 Psalmos.

255 2066 294 2097 A.
320 2064 392 2096 Cum
417 2066 517 2095 rectos
542 2073 578 2095 ex
604 2073 736 2103 congruo

368 2110 476 2142 deceat
496 2110 645 2150 laudatio,

320 2157 420 2197 Magis
444 2157 533 2188 decet
555 2158 679 2196 angelos

366 2204 397 2235 in
424 2203 501 2234 coeli
524 2203 651 2242 palatio.

1094 1909 1139 1935 Ad
1157 1908 1331 1945 Magnificat.

912 1956 951 1988 A.
980 1954 1174 1988 celebremus
1197 1957 1230 1987 in
1254 1959 1347 1989 terris

1021 2002 1190 2042 Raphaelis
1214 2012 1320 2044 opera,

978 2048 1036 2086 Qui
1057 2050 1167 2080 summi
1190 2049 1314 2089 imperii

1025 2095 1149 2127 adsistit
1175 2096 1218 2127 ad
1240 2097 1350 2137 latera,

976 2140 1064 2174 Unus
1089 2150 1127 2173 ex
1148 2142 1342 2183 principibus

1023 2188 1057 2219 in
1077 2189 1183 2228 patria
1205 2190 1341 2229 coelesti,

976 2236 1096 2267 Arcens
1119 2235 1217 2267 malos
1241 2237 1381 2277 spiritus,

1024 2282 1076 2321 qui
1099 2282 1189 2314 nobis
1212 2286 1286 2315 sunt
1306 2282 1424 2319 infesti.
