1679 2491
223 186 255 218 3.
281 184 365 224 Pius,
391 185 540 227 prudeus,
566 185 689 218 humilis

278 230 322 262 Et
345 231 488 269 provisor
510 231 597 262 utilis

278 275 339 308 Est
361 276 637 316 Agrippinensium

280 321 398 354 Nactus
422 322 624 362 pontificium.

427 405 630 440 Responsoria.

247 485 253 491 .
281 460 463 494 Gratuletur
485 461 682 503 laetabunde,

278 508 428 540 Laetetur
452 507 689 548 gratulabunde,

281 554 401 593 Pangat
423 554 520 585 melos
545 553 612 585 sine
634 553 697 585 fine

280 599 388 632 Glerus
412 599 499 631 urbis
522 599 724 639 Agrippinae,

245 670 252 677 .
280 645 374 684 Cuius
399 648 468 677 erat
490 646 562 677 talis

325 694 416 729 pater
439 693 531 722 Anno
554 690 752 730 pontificalis.

246 773 253 780 .
278 745 398 777 Tantae
423 744 522 777 fretus
549 745 707 784 dignitatis

324 790 420 823 Sacro
444 791 615 823 ministerio

275 837 320 870 Et
344 837 469 869 divinae
492 836 618 876 pietatis

323 882 471 915 Suffultus
498 883 655 922 praesidio

274 930 313 961 In
338 929 556 960 ecclesiasticis

275 975 382 1014 Viguit
405 978 437 1006 et
459 974 604 1015 publicis,

240 1045 247 1053 .
273 1021 365 1054 Omni
389 1021 484 1053 corde
507 1021 609 1052 Deum

321 1067 463 1107 laudans,
488 1068 541 1105 qui
567 1067 708 1098 condidit
722 1066 818 1097 illum.

218 1143 247 1154 ..
273 1123 375 1155 Homo
400 1122 526 1162 quidam
551 1122 708 1153 caecitatis

320 1167 471 1199 Defessus
496 1168 639 1207 angustia

274 1214 344 1246 Viri
367 1215 465 1245 mirae
489 1213 663 1244 sanctitatis

319 1259 528 1298 Apprehensa
550 1258 674 1291 fimbria

274 1305 360 1337 Loca
383 1304 500 1336 fricans
525 1305 682 1336 oculorum

272 1351 392 1383 Lumen
415 1352 534 1390 recepit
559 1358 674 1383 eorum.

237 1422 244 1430 .
270 1399 378 1430 Justus
402 1397 436 1428 in
460 1397 606 1436 operibus

318 1443 493 1474 Honoravit
517 1443 618 1474 Deum

271 1490 315 1521 Et
338 1489 370 1520 in
394 1489 590 1520 mirabilibus

315 1535 467 1567 Excrevit
490 1544 548 1574 per
570 1542 649 1568 eum.

332 1646 376 1677 In
403 1649 433 1679 2.
458 1646 684 1679 Nocturno.

414 1710 605 1745 Antiphonae.

212 1768 242 1799 1.
270 1768 402 1800 Sanctus
426 1767 519 1798 Anno
543 1766 748 1806 pernoctabat

315 1813 353 1844 In
379 1813 579 1854 orationibus,

268 1859 355 1891 Loca
378 1861 487 1890 sancta
510 1858 728 1899 frequentabat

317 1905 405 1937 Caris
432 1904 659 1938 comitantibus

211 1962 241 1994 2.
268 1961 356 1993 Nudi
380 1962 486 2002 pedes,
512 1960 591 1992 uber
614 1959 704 1991 fletus

315 2007 359 2039 Et
382 2008 482 2039 latens
508 2006 652 2046 cilicium,

266 2054 384 2086 Mentis
408 2056 507 2093 actus,
532 2053 593 2085 Dei
616 2056 715 2084 metus

314 2100 514 2133 Praebebant
536 2100 697 2132 indicium.

209 2158 239 2190 3.
265 2155 434 2189 Munificus
460 2157 553 2199 clero,

313 2203 484 2243 monachiS,
512 2204 582 2241 civi,
607 2202 783 2243 peregrino,

265 2250 376 2290 Felici,
402 2251 527 2290 misero,

313 2297 500 2337 complacuit
522 2297 666 2330 Domino.

835 93 879 127 39

892 235 921 268 1.

889 1079 918 1110 3.

1084 186 1285 221 Responsoria.

945 233 1027 265 Dum
1051 234 1165 265 sanctis
1190 234 1335 272 operibus

994 280 1124 311 Sanetus
1149 279 1321 319 insistebat,

949 325 1068 357 Caritas
1093 326 1241 357 sincerius

992 373 1031 405 In
1054 380 1089 403 eo
1112 370 1263 410 fervebat,

947 417 1059 449 Erexit
1082 417 1270 449 monasteria

947 464 984 494 111
1007 464 1068 495 Dei
1090 463 1264 495 ministeria

944 510 1091 548 Quintum
1105 518 1318 541 consummans
1330 516 1490 540 numerum

945 556 1067 588 Memor
1090 558 1138 587 tot
1162 555 1277 587 Christi
1300 554 1471 586 vulnerum.

946 611 1038 642 Alter
1061 611 1136 642 item
1160 610 1316 642 oculorum

992 657 1059 689 Usu
1084 657 1259 694 destitutuS,

948 701 1059 733 Coram
1083 705 1188 733 sancto
1213 702 1255 732 ad
1279 704 1454 733 sanctorum

991 747 1106 778 Sancta
1129 747 1321 788 constitutus,

945 793 1041 831 Quem
1064 793 1201 833 petebat,
1232 796 1279 823 est
1304 792 1444 824 dolorum

988 838 1100 870 Finem
1126 841 1317 872 consecutus,

942 884 1104 924 Irfigatus,
1130 894 1188 924 quo
1212 884 1321 915 beatus

989 930 1102 962 Manus
1126 931 1220 969 lavat,
1244 930 1337 961 latice

944 976 1095 1008 Oraturus
1120 979 1152 1007 et
1175 979 1353 1014 sumpturus

988 1022 1140 1054 Libamen
1164 1031 1204 1054 ex
1227 1022 1334 1054 calice.

946 1077 1004 1114 Qui
1030 1079 1183 1109 nocturna
1206 1077 1325 1108 visione

943 1123 1014 1155 Non
1038 1123 1200 1155 fraudatus
1224 1123 1256 1153 in
1280 1125 1413 1154 Annoue

987 1169 1156 1201 Praedicat
1177 1169 1352 1200 mirabilem

943 1215 1053 1255 Deum,
1085 1216 1133 1245 cui
1157 1218 1220 1246 tres
1245 1222 1405 1253 personae,

943 1261 980 1293 In
1005 1262 1132 1292 stellata
1155 1261 1281 1300 regione

988 1306 1154 1346 Nunquam
1177 1306 1404 1338 terminabilem

940 1352 1033 1391 Gnjus
1058 1356 1089 1383 et
1112 1361 1167 1383 nos
1191 1360 1249 1391 per
1271 1353 1434 1383 Annonem

941 1398 1120 1430 Mereamur
1143 1398 1303 1432 visionem,

1007 1490 1050 1521 In
1076 1491 1106 1523 3.
1132 1490 1189 1521 No
1200 1492 1357 1522 cturno.

1084 1553 1277 1589 Antiphonae.

939 1610 1055 1643 Mulier
1079 1612 1111 1642 in
1137 1612 1273 1650 egestate

940 1656 1101 1689 Laborans
1126 1660 1158 1687 et
1182 1657 1329 1688 caecitate

940 1703 1028 1735 Vixit
1049 1703 1082 1734 in
1106 1703 1232 1734 miseria

937 1749 997 1782 Tot
1020 1748 1127 1789 flagris
1151 1749 1295 1781 obnoxia.

938 1805 1027 1837 Haec
1050 1805 1093 1836 ad
1114 1803 1176 1834 Dei
1199 1803 1348 1835 famulum

937 1851 1082 1883 Deducta
1104 1858 1163 1888 per
1186 1849 1323 1887 bajulum

939 1896 1103 1928 sublevari
1127 1896 1228 1934 petiit,

939 1943 1036 1981 Quam
1063 1943 1195 1973 clemens
1221 1941 1388 1974 exaudivit.

905 2013 912 2020 .
938 1988 1076 2020 Primum
1099 1988 1196 2027 pedes
1222 1989 1287 2026 eius
1311 1987 1398 2028 lavit,

939 2035 1014 2066 Post
1037 2034 1212 2067 famelicam
1235 2034 1361 2074 cibavit,

939 2081 1034 2114 Genis
1058 2089 1182 2112 manum
1206 2081 1399 2123 superduxit,

940 2127 1056 2167 Quibus
1081 2137 1119 2160 ex
1143 2128 1203 2160 hoc
1225 2128 1279 2158 lux
1303 2128 1418 2160 illuxit.

1077 2197 1280 2232 Responsoria.

904 2274 912 2282 .
939 2250 963 2283 Ο
991 2250 1138 2282 virtutum
1162 2250 1331 2290 speculum,

936 2298 1038 2337 Anno,
1064 2305 1184 2337 gemma
1207 2298 1394 2340 praesulum,
