1679 2491
714 70 945 105 *49-

319 163 365 193 In
389 164 421 194 2.
447 162 672 196 Nocturno.

397 224 592 260 Ant1phonae.

198 280 228 313 1.
254 280 403 319 Regulari
428 281 548 312 velatus
572 282 681 314 habitu

255 326 381 358 Christo
407 335 501 357 earne
523 328 605 358 vixit
627 331 657 358 et
677 327 802 367 spiritu,

257 371 373 404 Christi
394 372 470 412 jugo
496 373 607 404 devote
630 372 774 404 subditus

254 419 386 450 Praeter
411 418 567 449 Christum

300 464 346 495 nil
369 463 468 495 ambit
490 464 626 504 penitus,

195 521 228 552 2.
253 519 316 551 Pro
341 518 466 551 fervore
490 519 631 559 gravisus
655 519 745 559 pueri

256 565 403 604 Sumptus
428 568 522 605 parat
545 565 641 597 abbas
664 565 773 597 itineri

254 611 373 643 Volens
382 611 511 643 Romam
525 618 629 643 secum
640 611 804 651 deducere,

252 658 346 696 Quem
372 666 450 696 prae
475 658 592 689 cunctis

302 704 427 735 amabat
450 706 567 735 tenere.

201 761 232 792 3.
258 759 433 790 Alexandri
458 767 562 790 eoram
586 760 764 799 praesentia

257 806 359 837 Tanta
383 803 472 836 fulsit
486 805 670 845 Arnulphus
692 805 803 845 gratia,

254 851 344 889 Quod
367 859 425 891 per
447 851 552 890 ipsum

303 900 411 938 totum,
438 898 521 937 quod
545 897 653 936 voluit,

255 943 334 983 EJus
359 943 456 975 abbas
480 944 578 983 gratis
602 943 745 977 obtinuit.

396 1007 601 1041 Responsoria.

199 1055 232 1088 1.
260 1054 424 1086 Celebrato
449 1055 575 1093 praesul
599 1055 746 1085 enoennio

255 1100 369 1131 Manus
390 1099 470 1131 lavit
491 1098 595 1131 infuso
619 1100 723 1139 latice,

258 1146 352 1184 Cujus
377 1154 466 1177 sacro
490 1154 652 1184 respersus
675 1144 769 1178 fluvio

258 1192 368 1222 Visum
393 1199 502 1222 caecus
526 1192 647 1231 recepit
669 1191 804 1231 publice,

256 1237 335 1268 Mox
358 1237 519 1268 adstantes
542 1237 619 1268 laeti
642 1236 773 1268 mirifice

261 1282 354 1315 Claro
381 1282 537 1314 Christum

303 1328 435 1360 laudant
457 1329 633 1367 praeconio.

221 1402 230 1409 ,
255 1376 356 1406 Voces
380 1374 412 1405 in
437 1374 530 1405 caelis

304 1420 423 1453 attollit
446 1420 539 1451 turba
562 1419 675 1454 fidelis,

225 1501 231 1507 .
257 1475 353 1507 Miles
379 1475 444 1506 solo
469 1479 555 1506 motu
576 1476 715 1507 malit-iae

255 1521 481 1560 Blasphemare

302 1572 442 1600 sanetum
467 1577 528 1599 non
552 1568 666 1607 timuit,

255 1614 473 1646 Vindicandae
495 1616 618 1653 tempus
640 1614 774 1653 injuriae

259 1660 400 1694 Christus
427 1660 480 1691 diu
506 1659 632 1691 differre
654 1660 762 1702 noluit,

256 1707 339 1738 Nam
366 1707 406 1738 de
429 1707 546 1744 templo

301 1761 374 1784 mox
398 1753 515 1792 lignum
541 1752 666 1791 corruit,

256 1799 316 1838 Qui
337 1799 490 1830 multatur
514 1797 674 1830 confracta
697 1797 788 1831 facie.

220 1873 228 1881 .
254 1847 291 1878 In
317 1854 378 1885 qua
400 1846 554 1884 peccavit,

300 1892 438 1932 linguam
468 1891 529 1922 sibi
555 1891 649 1922 dente
671 1891 803 1930 putavit.

220 1974 228 1982 .
255 1949 332 1980 Visu
358 1956 467 1979 carens
490 1947 582 1979 homo
607 1946 795 1978 Teutonicus

254 1994 453 2027 Observabat

299 2041 499 2080 sepulchrum
523 2039 679 2080 praesulis

253 2089 353 2120 Orans
371 2088 513 2127 supplex,
540 2089 575 2118 ut
590 2088 639 2118 vir
653 2085 803 2117 mirificus

250 2134 372 2166 Lumen
398 2135 463 2173 ejus
488 2133 635 2165 infundat
659 2133 766 2172 oculis,

254 2185 351 2220 Quem
377 2182 516 2221 depulsis

298 2228 480 2260 umbi-anun
503 2226 626 2260 nebulis

253 2274 318 2306 Dat
341 2275 451 2307 videre
476 2274 619 2306 coelestis
642 2272 793 2305 medicus-

241 2332 366 2358 Droves,
381 2332 502 2355 Historiae
516 2332 669 2361 rhythmicae.
697 2330 729 2353 11.

858 164 898 197 V.
922 163 1009 195 Luce
1032 162 1157 194 fervens
1182 163 1261 193 caeli

970 212 1073 248 grates
1099 209 1164 247 agit
1188 216 1241 239 ore
1264 206 1360 239 fideli.

988 299 1035 331 In
1061 301 1092 333 3.
1117 298 1175 330 No
1186 301 1343 331 cturno.

1069 362 1261 396 Antiphonae.

891 442 897 449 .
923 417 1104 449 Postulatus
1129 427 1148 448 a
1168 426 1285 449 summo
1310 419 1455 456 praesule

924 464 998 495 Pius
1021 472 1118 494 senex
1141 463 1249 494 obedit
1272 464 1390 502 sedule,

924 509 1099 540 Jussionem
1123 509 1223 540 tristis
1249 509 1434 553 exsequitur,

924 555 1007 586 Dum
1031 555 1149 586 sodalis
1174 554 1234 586 sibi
1259 555 1463 588 subtrahitur.

889 634 897 640 .
922 610 1016 642 Hune
1034 611 1067 641 in
1082 610 1212 643 Priscae
1229 610 1339 643 beatae
1355 613 1471 650 gremio

926 656 1021 688 Sacro
1044 665 1128 696 papa
1148 657 1255 695 junxit
1280 657 1419 698 collegio,

925 703 1181 735 Commendatum

969 748 1084 780 fratres
1108 749 1282 788 suscipiunt

924 795 968 826 Et
991 799 1134 834 suscepto
1161 796 1275 827 devote
1298 798 1447 830 serviunt.

892 874 900 882 .
925 849 1106 882 Indefessae
1128 850 1242 882 mentis
1267 852 1452 890 constantia,

925 897 1000 928 Pius
1025 897 1113 937 actis,
1140 896 1241 928 duleis
1268 896 1426 937 facundia,

924 942 1050 974 Morum
1075 941 1206 974 formam

972 989 1098 1027 supplet
1120 989 1153 1019 in
1179 989 1331 1027 omnibus,

925 1034 991 1066 Dat
1001 1035 1161 1073 exemplar
1172 1035 1300 1067 vivendi
1313 1034 1470 1067 fratribus

1063 1097 1267 1133 Responsoria.

893 1172 899 1179 .
926 1145 972 1176 Ob
999 1145 1133 1176 delenda
1157 1146 1316 1184 culparum
1342 1144 1419 1176 vitia

925 1190 1072 1222 Monialis
1098 1194 1207 1222 eatena
1230 1192 1403 1230 stringitur,

926 1235 990 1267 Sed
1013 1245 1033 1267 a
1055 1240 1163 1267 saneto
1189 1236 1302 1267 collata
1324 1236 1417 1268 venia

926 1281 1043 1320 Sponte
1062 1280 1141 1313 ferri
1155 1282 1290 1320 ligamen
1306 1280 1470 1321 frangitur,

926 1327 965 1358 In
983 1336 1042 1366 quo
1054 1327 1147 1366 plene
1160 1326 1243 1358 facto
1256 1328 1471 1366 perpenditur,

926 1373 1014 1411 Quod
1038 1376 1165 1404 sanatur

972 1427 1059 1450 mens
1083 1420 1170 1457 prius
1194 1420 1308 1452 saucia.

892 1493 899 1499 .
925 1464 1107 1504 squalorem
1130 1466 1233 1497 sordis

972 1511 1050 1543 lavit
1075 1511 1217 1543 contritio
1243 1511 1356 1545 cordis.

894 1592 900 1599 .
926 1566 1089 1597 Mutilatus
1113 1567 1147 1598 in
1171 1567 1281 1598 dextro
1306 1567 1433 1599 brachio

925 1612 1126 1644 Mutilantem
1149 1614 1280 1644 antistes
1304 1614 1416 1655 arguit,

926 1658 1007 1690 Nam
1031 1659 1063 1690 in
1084 1659 1198 1690 somnis
1217 1660 1374 1692 horrenda
1394 1661 1471 1692 visio

925 1706 1009 1736 Huic
1031 1705 1174 1737 mirando
1194 1705 1299 1737 minax
1316 1707 1471 1745 apparuit,

926 1751 992 1790 Qua
1017 1754 1183 1790 conspecta
1199 1760 1271 1783 reus
1289 1754 1473 1784 contremuit

925 1796 975 1828 De
997 1805 1141 1836 supremo
1165 1798 1277 1828 timens
1299 1798 1434 1837 judicio:

891 1869 899 1877 .
924 1843 995 1874 Hae
1016 1852 1068 1874 me
1090 1844 1172 1875 seire
1196 1844 1298 1885 datur,

972 1898 1051 1928 quae
1076 1890 1183 1927 pravis
1207 1898 1308 1929 poena
1331 1894 1469 1929 paratur.

893 1970 900 1977 .
925 1945 1021 1976 Pater
1044 1948 1168 1976 sanetus
1192 1945 1286 1977 rebus
1311 1946 1473 1986 dispositis

924 1990 985 2021 Est
999 1991 1140 2023 sublatus
1155 2000 1176 2022 a
1189 2000 1321 2031 nequam
1336 1995 1471 2032 saeculo,

925 2037 1024 2069 Terra
1047 2038 1127 2069 tanti
1147 2040 1323 2077 susceptrix
1339 2040 1471 2079 hospitis

926 2083 1124 2123 sepulturam
1149 2084 1237 2116 dedit
1262 2087 1458 2128 corpusculo,

923 2131 1129 2170 vapincensis
1147 2131 1247 2163 clerus
1266 2141 1334 2164 cum
1355 2134 1475 2172 populo

924 2176 1046 2209 Damna
1071 2176 1186 2210 deflent
1208 2179 1314 2211 amissi
1338 2180 1459 2220 eapitis.

858 2224 897 2257 V.
922 2224 1050 2257 Plaudit
1072 2225 1213 2265 gravisus

968 2279 1027 2310 pro
1052 2272 1119 2303 cive
1141 2280 1197 2303 suo
1221 2272 1396 2311 paradisus.

1285 2326 1305 2354 4
