1656 2491
338 166 421 198 Deus
445 167 545 205 ipsum
568 166 713 205 praebuit

386 212 478 244 Coelo
503 213 685 252 gloriosum3

306 285 312 291 .
338 259 484 290 Normam
507 260 589 291 vitae
609 259 713 297 posuit

339 305 431 336 Hunc
452 304 536 336 Deus
562 307 592 334 et
616 304 725 336 tribuit

384 350 485 390 Signis
509 351 687 381 virtuosum.

401 462 444 492 In
471 463 500 493 2.
525 461 746 494 Nocturno.

480 524 668 560 Antiphonae.

306 608 311 613 .
336 582 532 613 Invocautem
558 581 715 612 exaudivit

380 628 466 659 Deus
488 635 593 666 regem
614 627 759 658 humilem

337 674 381 705 Et
400 673 569 712 praeclaris
591 672 750 712 insignivit)

381 719 482 759 Signis
506 727 594 750 suum
616 720 760 759 pugilem.

305 799 310 805 .
335 775 495 806 'Deductus
517 775 551 805 in
572 774 694 812 justitia

383 820 522 852 Clemens
546 819 692 858 subjectis
715 819 860 860 praefuit,

334 867 443 905 Leges,
468 874 583 904 poenas
609 868 639 896 et
662 866 800 905 praemia

380 912 542 951 Sapienter
565 911 708 944 instituit.

303 991 309 997 .
337 967 507 999 Coronatur
530 966 628 1006 gloria

381 1013 509 1044 Sanctus
532 1015 563 1043 et.
585 1012 710 1051 honore,

335 1059 413 1097 Quia
434 1059 541 1089 mundi
564 1058 677 1097 gaudia

379 1104 477 1136 Duxit
499 1105 530 1134 in
554 1103 673 1136 timore.

468 1185 667 1221 Responsoria.

302 1266 309 1273 .
337 1242 494 1274 Gloriosus
518 1242 664 1281 apparuit

380 1288 448 1319 Non
474 1288 556 1318 cultu
579 1288 796 1327 praesidentis,

334 1333 397 1365 Sed
422 1341 488 1364 cum
510 1334 644 1365 incultus
668 1332 803 1372 praefuit

379 1379 469 1411 More
492 1379 595 1411 David
618 1379 764 1418 ludentis,

337 1424 404 1456 Nec
427 1433 464 1455 ex
488 1425 548 1456 hoc
570 1425 629 1456 sibi
654 1424 751 1456 defuit

377 1470 555 1502 Auctoritas
578 1472 731 1509 regentis3

300 1540 307 1548 .
333 1517 457 1556 Virgam
481 1517 602 1548 virtutis
626 1517 742 1555 habuit,

332 1563 369 1594 In
394 1571 454 1602 qua
475 1563 572 1594 malos
597 1563 784 1601 compescuit

380 1608 441 1640 Sed
467 1609 522 1639 sub
546 1617 654 1640 norma
678 1610 846 1642 clementis.

301 1689 308 1696 .
335 1664 445 1696 Coram
469 1672 542 1703 rege
566 1664 753 1703 conspicitur

377 1710 473 1741 Liber
496 1710 526 1740 in
552 1710 669 1749 praeda
692 1710 840 1751 perditus,

332 1756 520 1787 miraculose
540 1756 669 1788 solvitur

378 1803 445 1834 Rex
469 1801 647 1833 Sarracenis
670 1803 803 1835 traditus

377 1849 422 1880 Et
442 1848 580 1879 hostibus
605 1850 779 1888 expositus3

298 1919 304 1926 .
331 1894 426 1926 Jonas
450 1895 541 1925 undis
566 1894 706 1935 eripitur,

335 1940 451 1980 Joseph
477 1941 617 1971 detentus
641 1942 770 1973 solvitur

377 1987 421 2018 Et
442 1986 545 2018 David
568 1989 657 2018 antro
680 1988 807 2027 positus.

302 2066 308 2073 .
336 2042 410 2073 Cum
435 2044 515 2072 esset
537 2042 570 2073 in
594 2042 735 2075 accubitu

378 2088 446 2119 Rex
469 2087 610 2120 internae
634 2089 814 2130 dulcedinis,

330 2134 450 2165 Arcens
474 2134 592 2172 potenti
614 2135 728 2174 spiritu

377 2181 484 2212 Pestes
509 2181 609 2212 carnis
634 2185 666 2212 et
688 2184 854 2224 sanguinis,

332 2227 487 2258 Bonorum
510 2232 616 2266 septus
641 2229 757 2260 ambitu

379 2273 510 2316 Sceptro
535 2273 624 2306 fulsit
646 2275 813 2317 regiminis.

874 73 939 107 186
988 92 1031 98 ,-

933 167 967 201 V.
996 167 1098 198 David
1122 167 1209 206 regni
1233 166 1315 199 sedit
1337 167 1370 197 in
1394 166 1471 198 solio

998 212 1171 245 Salomonis
1196 216 1284 245 utens
1304 213 1434 251 judicio.

1059 352 1106 384 In
1131 353 1162 385 3.
1186 352 1412 383 Nocturno.

1138 424 1329 460 Antiphonae.

939 483 969 514 1.
994 481 1168 513 Habitabat
1190 480 1383 512 confidenter

1038 527 1107 558 Rex
1129 528 1162 558 in
1185 530 1290 558 monte
1311 526 1446 566 Domini,

995 573 1072 611 Quia
1095 573 1174 604 vixit
1196 573 1379 604 innocenter

1039 620 1130 651 Omni
1152 622 1259 658 gratus
1282 619 1409 651 homini.

938 694 968 725 2.
994 692 1061 724 Rex
1086 693 1211 724 virtutis
1235 693 1268 724 in
1292 692 1408 724 virtute

1040 738 1156 770 Divina
1179 739 1323 777 laetatur,

995 785 1072 823 Quia
1096 785 1155 816 sibi
1185 785 1224 816 de
1247 786 1348 817 salute

1040 830 1117 869 Spes
1141 829 1231 863 firma
1256 832 1398 864 donatur.

937 906 969 938 3.
992 905 1144 937 1uuocens
1168 913 1275 936 manus
1300 905 1446 942 praebuit

1039 951 1148 983 Gordis
1172 959 1292 989 quoque
1314 951 1468 982 munditia

994 995 1181 1035 Ludovieus‚
1211 997 1262 1035 qui
1284 997 1399 1028 meruit

1037 1042 1137 1081 Regni
1162 1043 1304 1073 coelestis
1328 1043 1477 1081 praemia.

1130 1143 1332 1177 Responsoria.

938 1210 968 1240 1.
992 1208 1107 1248 Fulget,
1131 1208 1226 1246 signis
1250 1217 1307 1240 rex
1328 1208 1469 1248 insignis,

994 1254 1064 1286 Jam
1089 1254 1223 1293 aegrotis
1248 1255 1315 1293 ejus
1340 1255 1420 1286 votis

1036 1300 1238 1331 Praestautur
1263 1301 1409 1340 remedia,

927 1346 963 1379 V.
988 1346 1063 1378 Dati
1083 1347 1154 1377 neci
1174 1345 1359 1385 liberantur,

993 1391 1112 1430 Claudi,
1139 1392 1221 1423 caeci
1245 1395 1440 1433 reparantur,

1037 1437 1199 1477 Fugautur
1224 1438 1393 1469 daemonia.

937 1513 968 1543 2.
993 1511 1055 1543 Pro
1079 1520 1114 1542 se
1136 1511 1260 1550 suisque
1283 1512 1431 1551 subjectis

991 1558 1089 1590 Orans
1113 1557 1213 1589 Deum
1238 1561 1269 1589 et
1293 1566 1360 1588 cum
1385 1559 1478 1590 rectis

1036 1603 1167 1634 Rectum
1191 1604 1251 1635 iter
1276 1603 1394 1636 faciens

989 1649 1122 1680 Domum
1145 1649 1206 1681 Dei
1233 1659 1288 1681 rex
1313 1651 1442 1682 intravit

988 1694 1033 1726 Et
1055 1695 1096 1726 ad
1120 1696 1268 1734 templum
1292 1697 1445 1738 adoravit,

1035 1742 1081 1774 Ut
1103 1742 1261 1780 praedixit
1283 1744 1427 1776 moriens.

926 1788 963 1819 V.
987 1786 1080 1818 Felix
1104 1797 1211 1820 cursus
1235 1790 1282 1820 sic
1304 1789 1447 1825 viventis,

993 1834 1084 1866 Felix
1106 1834 1177 1866 finis
1201 1836 1248 1866 sic
1273 1837 1425 1868 currentis

1034 1879 1101 1911 Deo
1128 1890 1251 1920 semper
1273 1882 1393 1915 uniens.

937 1956 966 1987 3.
992 1955 1132 1993 Regnum
1156 1956 1264 1988 muudi
1287 1966 1506 1998 supergressus

1035 2000 1079 2031 Et
1101 2002 1166 2040 ejus
1191 2006 1343 2043 ornatum,

990 2047 1130 2085 Regnum
1155 2048 1233 2079 coeli
1253 2050 1318 2088 J'am
1343 2050 1499 2090 ingressus

1037 2093 1110 2124 Post
1134 2094 1216 2125 hunc
1239 2095 1418 2137 incolatum,

926 2139 963 2172 V.
991 2140 1124 2178 Peregre
1147 2141 1245 2174 Jacob
1271 2151 1413 2183 egressus

1035 2185 1138 2218 Patris
1162 2187 1203 2218 ad
1227 2189 1407 2221 mandatum

992 2232 1091 2263 Deum
1116 2233 1197 2265 vidit
1221 2235 1266 2266 sic
1288 2235 1448 2275 professus

1036 2278 1128 2311 Vitae
1152 2281 1346 2314 coelibatum.
