1656 2491
1275 27 1299 45 1

729 42 982 77 -128-

284 143 389 181 Atque
413 141 513 180 dignis
538 139 664 170 vocibus

333 187 456 226 dignam
481 184 697 221 collaudemus,

285 232 394 264 Totam
421 232 501 262 diem
524 228 668 259 laudibus

332 277 396 316 ejus
421 282 613 313 occupemus,

284 322 329 354 Ut
350 331 406 353 nos
430 320 538 356 salvet,
563 318 704 357 protegat

327 368 414 405 virgo
437 365 579 403 gloriosa,

284 413 377 449 Cujus
401 413 472 441 ante
494 409 660 440 Dominum

328 464 411 486 mors
437 457 484 485 est
506 455 652 493 pretiosa.

217 503 254 533 V.
281 501 506 533 conlaudemus
528 500 680 539 virginem

327 555 462 578 summae
485 546 669 583 sanctitatis,

282 593 367 631 Quae
390 592 496 623 subire
519 591 617 623 voluit

327 639 425 677 magis
449 639 568 676 lepram
591 637 698 677 gratis,

283 684 379 722 Quam
403 687 438 715 ut
460 683 593 714 mundae
617 684 765 722 perderet

327 731 416 769 signa
443 730 603 761 castitatis.

226 787 257 818 3,
281 785 411 815 Beatum
438 784 507 815 dico
530 784 688 823 populum,

329 829 420 861 beata
444 831 491 860 est
514 831 546 860 et:
568 830 681 868 patria,

284 875 340 907 Cui
363 877 451 906 tanta
475 875 654 906 conceditur

329 921 529 958 protectionis
553 921 662 958 gratia,

283 965 380 1004 Virgo
404 968 503 998 mater
527 966 647 1005 eximia,

285 1011 406 1050 Sponsa
428 1011 510 1050 regis
535 1014 565 1042 et
586 1010 661 1050 filia,

219 1057 257 1089 V.
283 1057 367 1094 Quae
389 1057 503 1088 cultum
527 1057 646 1095 sprevit
668 1057 787 1097 regium

284 1103 417 1141 Propter
442 1103 572 1133 coeleste
595 1102 750 1141 gaudium,

286 1148 348 1179 Sua
371 1157 426 1179 nos
449 1156 544 1186 prece
566 1149 701 1179 maxima

284 1194 320 1224 In
343 1196 435 1232 parte
458 1196 560 1225 servet
583 1194 708 1232 optima.

228 1250 259 1282 4.
283 1249 321 1279 In
344 1250 435 1286 petra
457 1249 610 1287 quondam
632 1248 759 1287 Moyses

330 1302 398 1324 cum
420 1293 487 1325 Deo
511 1293 621 1325 foedus
645 1294 777 1333 pepigit,

285 1339 376 1370 Nunc
398 1342 506 1377 petrae
529 1340 726 1371 solitudinem

328 1384 433 1422 puella
455 1385 537 1415 mitis
562 1385 656 1424 eligit,

285 1430 331 1461 Ut
353 1438 410 1468 per
432 1431 543 1461 mentis
567 1430 749 1462 munditiam

284 1474 429 1506 Divinam
455 1478 558 1514 captet
580 1477 721 1515 gratiam.

220 1520 258 1553 V.
285 1520 433 1552 Columba
455 1521 556 1552 nitens
581 1522 707 1553 advolat.

332 1566 369 1596 In
391 1569 516 1598 sanctae
540 1568 625 1605 rupis
648 1568 769 1609 ostium,

287 1611 348 1642 Ubi
373 1610 550 1651 frequenter
572 1613 711 1644 immolat

333 1657 505 1689 Contritum
528 1657 721 1690 sacrificium.

350 1771 394 1803 In
421 1774 451 1805 2.
476 1772 696 1807 Nocturno.

427 1840 616 1876 Antiphonae.

230 1893 259 1926 1.
286 1895 379 1933 Virgo
403 1896 510 1935 regina
534 1898 665 1937 denique

332 1941 419 1978 gravi
441 1942 529 1979 lepra
552 1945 732 1984 percutitur,

288 1985 340 2017 Sic
362 1995 488 2024 prorsus
512 1996 531 2017 a
555 1990 694 2028 contagio

332 2031 465 2070 nuptiali
488 2034 660 2066 redimitur.

231 2087 261 2118 2.
285 2086 440 2118 Probatur
464 2096 571 2119 aurum
593 2089 728 2129 Domini,

330 2141 391 2163 non
415 2132 550 2165 laeditur
571 2135 725 2178 incendio,

285 2178 329 2209 Et
350 2178 433 2217 piam
457 2178 549 2211 fidem
574 2185 705 2222 vegetat,

331 2233 393 2256 non
417 2223 527 2265 fatigat
550 2229 676 2261 attritio.

890 135 921 166 3.
946 132 1094 163 Monetur
1117 129 1205 168 virgo
1228 128 1426 167 postmodum

994 176 1100 207 divina
1123 177 1208 205 tacta
1230 174 1342 212 gratia,

945 223 992 254 Ut
1013 220 1207 253 Burlefontis
1236 219 1327 250 citius

990 269 1080 306 petat
1102 269 1173 297 arta
1197 263 1339 297 confinia.

912 366 919 378 ,
944 341 1069 374 Divinis
1093 339 1139 371 ibi
1162 338 1299 371 fontibus

991 388 1080 426 virgo
1104 395 1162 425 per
1184 389 1234 417 ter
1259 385 1408 425 abluitur,

944 434 989 465 Et
1011 433 1161 464 trinitatis
1185 432 1331 463 balneum

993 481 1101 518 optata
1123 478 1207 510 salus
1232 479 1383 516 sequitur,

913 574 920 581 .
945 548 1090 580 Remu-‚tit
1114 556 1186 586 ergo
1211 547 1311 578 socios

993 597 1066 633 post
1088 593 1231 625 sanitatis
1256 592 1413 633 gaudium,

948 641 1041 679 Cujus
1066 640 1143 672 haec
1165 639 1257 671 vallis
1279 639 1396 679 jugiter

991 686 1146 725 persentit
1168 685 1363 717 beneficium.

913 781 919 787 .
946 754 1030 793 Jesu,
1058 754 1152 785 decus
1175 754 1328 797 Enimiae,

991 808 1121 839 merces,
1147 809 1234 832 amor
1259 803 1290 831 et:
1312 800 1467 840 meritum,

947 845 1091 878 Ancillae
1114 848 1186 878 tuae
1209 846 1355 885 precibus

993 895 1130 923 nostrum
1155 892 1283 924 absolve
1307 892 1456 925 debitum.

1083 974 1284 1009 Responsoria.

914 1057 921 1063 .
945 1029 1090 1061 Lucerna
1112 1039 1173 1061 non
1198 1030 1254 1061 sub
1279 1031 1384 1062 modio

945 1076 1079 1107 Virtutis
1103 1076 1186 1107 lucet
1210 1077 1308 1115 radio,

946 1121 984 1152 In
1007 1123 1157 1153 montium
1180 1122 1320 1153 latibulis

945 1167 1057 1205 Fulget
1082 1168 1167 1207 virgo
1189 1168 1347 1199 miraculis

944 1212 1083 1252 Ejusque
1107 1222 1201 1252 prece
1224 1214 1367 1253 languidi

945 1258 1019 1290 Sani
1042 1258 1121 1291 fiunt,
1145 1263 1176 1291 et
1199 1260 1305 1292 validi.

911 1328 918 1335 .
945 1304 1041 1336 Curat
1063 1305 1095 1336 in
1121 1305 1236 1337 Christi
1259 1307 1387 1338 nomine

946 1351 1096 1382 Obsessos
1120 1352 1325 1391 aegritudine,

944 1396 1011 1427 Nec
1035 1396 1204 1428 frustratur
1227 1398 1365 1430 remedio

943 1442 1021 1481 Ejus
1044 1442 1119 1474 fisus
1143 1444 1270 1475 auxilio.

912 1541 919 1548 .
944 1516 982 1548 In
1004 1517 1102 1548 oculis
1125 1518 1296 1550 videntium

944 1561 1084 1595 Salvavit
1105 1566 1205 1594 morte
1229 1563 1337 1603 filium,

944 1607 1039 1648 Virgo
1062 1608 1186 1647 leproso
1212 1609 1335 1642 cuidam

946 1652 1074 1684 Sanavit
1098 1663 1221 1686 carnem
1245 1656 1438 1697 languidam,

944 1699 988 1731 Et
1010 1708 1066 1731 nos
1090 1709 1147 1731 sua
1169 1709 1263 1740 prece
1286 1703 1339 1742 pia

946 1744 1104 1777 Salvificet,
1124 1746 1259 1779 Enimia.

910 1814 917 1821 .
943 1791 1029 1822 Auro
1056 1795 1140 1823 caret
1164 1796 1195 1824 et
1219 1794 1330 1833 opibus

944 1836 1049 1877 Virgo,
1077 1839 1163 1869 dives
1187 1840 1365 1879 virtutibus,

945 1882 1031 1914 Inter
1056 1884 1171 1916 deserti
1193 1894 1322 1918 nemora

947 1929 1043 1961 §anat
1065 1933 1183 1963 mentes
1209 1936 1241 1963 et,
1265 1941 1405 1971 corpora.

911 2026 918 2032 .
946 2000 1043 2043 Virgo
1068 2007 1116 2035 est
1139 2004 1213 2036 Sion
1237 2003 1303 2038 filia

944 2048 988 2080 Et
1010 2050 1097 2089 virgo
1123 2053 1169 2081 est
1191 2051 1333 2091 ecclesia,

943 2094 1067 2126 Revera
1089 2095 1150 2127 Dei
1175 2097 1277 2137 gratia

945 2140 989 2172 Et
1010 2141 1099 2181 virgo
1123 2146 1170 2173 est
1192 2143 1327 2183 Enimia‚

945 2186 1051 2228 Virgo,
1076 2197 1154 2227 quae
1177 2189 1277 2222 Deum
1302 2192 1419 2232 genuit,

946 2234 1033 2272 Quod
1059 2235 1172 2267 bonum
1194 2236 1265 2276 ipsa
1287 2238 1410 2270 meruit.
