1656 2491
245 181 277 211 3.
301 177 504 217 Insurgebant

302 224 339 255 In
363 223 516 254 Christum
540 220 663 253 Domini

302 271 448 301 Patenter
470 268 608 308 plurimi,

302 315 473 348 obstabant
494 315 646 353 potenter.

438 414 638 449 Responsoria.

248 482 277 513 1.
305 481 416 511 Volo-ns
440 479 525 511 Deus
548 478 663 517 populo

303 526 455 564 Prospere
478 524 656 563 prospicere

305 572 476 602 Pretiosum
500 573 667 609 martyrem

306 617 433 649 (Iuravit
455 616 613 653 extollere,

308 663 400 702 Cujus
425 662 570 695 exaltatio

306 709 404 740 Nobis
427 709 470 740 sit
490 708 641 740 remissio.

241 756 279 786 V.
303 754 399 786 Anno
425 753 680 794 Quiozquayesz'mo
697 751 847 792 martyrii
913 762 942 795 2·

741 78 903 112 —246
952 95 995 102 ³-

905 236 935 268 1.

306 802 356 832 sui
381 801 557 832 solemniter
580 803 623 831 est
645 798 829 830 translatus.

254 867 284 897 2.
310 865 417 896 Annus
442 865 530 896 adest
552 865 647 902 pacis,

353 911 427 942 belli
452 912 570 941 terrore
593 911 710 940 remoto

313 956 431 987 Crescit
452 956 484 986 in
510 955 584 987 orbe
607 955 692 994 quies

355 1004 386 1033 et
408 1011 509 1033 rerum
535 1002 623 1039 copia
646 1002 729 1038 tot03

247 1048 283 1081 V.
308 1048 470 1079 Translato
494 1048 612 1079 Thoma

354 1093 522 1125 succedunt
545 1100 696 1131 prospera
720 1093 840 1122 cuneta.

254 1159 283 1190 3.
311 1159 418 1189 Annus
441 1158 501 1188 iste
521 1156 685 1195 jubilaeus,

355 1203 443 1235 Omni
466 1203 575 1240 plenus
600 1202 722 1242 gaudio,

313 1249 407 1286 Quem
430 1247 567 1287 providit
591 1256 658 1279 esse
680 1247 775 1286 Deus,

355 1294 428 1326 Fiat
451 1293 599 1325 relaxatio

315 1340 495 1371 Debitorum
522 1342 553 1370 et
575 1347 731 1370 servorum

359 1386 450 1418 Certa
478 1385 630 1417 liberatio.

312 1432 399 1470 Quod
422 1432 473 1462 lex
498 1432 677 1470 contulerat,

358 1477 432 1509 data
455 1477 593 1509 Thomae
621 1477 723 1517 gratia

377 1606 421 1636 In
447 1608 476 1637 2.
503 1605 725 1637 Nocturno.

457 1677 644 1713 Antiphonae.

260 1735 290 1767 1.
315 1733 485 1766 Exaudivit
507 1734 655 1765 Dominus

357 1780 505 1812 Thomam
528 1781 731 1820 invocantem,

311 1827 368 1864 Qui
392 1835 447 1865 pro
471 1827 560 1857 nobis
584 1825 692 1858 audiat

354 1871 405 1911 pie
429 1873 662 1912 supplicantem.

254 1938 286 1969 2.
310 1936 443 1967 Thomas
468 1944 571 1967 eoram
593 1936 724 1968 Domino

356 1982 434 2013 vixit
456 1983 488 2013 in
508 1983 628 2022 timore,

310 2028 386 2060 Ideo
411 2037 478 2059 cum
500 2028 632 2060 Domino

355 2077 464 2113 regnat
487 2083 555 2106 cum
580 2075 699 2107 decore.

256 2141 286 2172 3.
315 2138 484 2171 Coronatur
507 2139 646 2178 pontifex

357 2186 456 2225 gloria
480 2185 608 2225 decoris,

313 2232 370 2270 Qui
395 2240 536 2264 coronam
560 2232 698 2270 perdidit

355 2279 421 2310 ictu
443 2279 644 2318 percussoris

749 1477 850 1508 donat.

916 1939 937 1968 to

1102 166 1304 200 Responsoria.

960 234 1118 267 Virtutum
1141 231 1332 262 immensitas

961 280 1055 312 Ultra
1077 278 1172 310 maris
1196 277 1322 308 semitas

965 326 1085 359 Nomen
1109 324 1246 356 Thomae
1270 322 1457 363 deportavit,

948 369 1021 411 'Qui
1044 372 1210 403 multorum
1237 368 1435 401 defraudavit

1009 419 1199 450 Daemonum
1224 416 1395 456 praestigia

963 465 1007 498 Et
1028 464 1204 495 morborum
1230 462 1396 494 denodavit

1009 511 1115 542 Nexus
1141 512 1172 540 et
1194 508 1321 547 flagitia.

963 558 1154 590 Innovantur
1177 558 1284 587 vetera

964 603 1093 635 Pietatis
1118 610 1213 641 opera

967 649 1008 681 Et
1030 649 1112 689 J'ugis
1136 649 1168 679 in
1194 649 1313 679 Thoma

964 696 1073 728 Manet
1098 694 1215 726 Christi
1238 693 1349 733 gratia.

969 761 993 793 O
1018 761 1145 798 Thoma,
1171 766 1249 797 prae
1273 757 1383 789 ceteris

1010 804 1204 844 Martyribus
1230 805 1323 843 clare,

969 851 1068 884 Nobis
1092 848 1186 890 po'sce
1208 850 1330 881 miseris

1011 898 1136 929 Donum
1160 897 1305 935 salutare,

968 944 1014 975 Ut
1038 945 1127 975 detur
1152 951 1219 973 cum
1243 942 1363 981 superis

1013 988 1112 1021 Nobis
1136 989 1295 1027 habitare3

967 1036 1087 1074 Annue,
1113 1035 1258 1074 salvator,

1015 1080 1151 1112 Thomae
1176 1081 1306 1111 dilectus
1330 1081 1459 1110 amator.

941 1173 947 1179 .
972 1145 1025 1177 Ad
1047 1145 1184 1177 'rhomae
1206 1143 1386 1175 memoriam

1017 1191 1158 1230 Currant,
1184 1192 1235 1231 qui
1259 1193 1438 1229 gravantur,

970 1237 1104 1269 Poscant
1127 1238 1192 1276 ejus
1216 1237 1357 1276 gratiam,

1016 1284 1121 1322 Orent,
1147 1285 1182 1314 ut
1204 1283 1373 1322 salventur,

971 1329 1016 1361 Ut
1039 1329 1284 1360 misericordiam

1016 1374 1076 1407 Dei
1100 1377 1341 1414 consequammi-3

937 1445 945 1452 .
971 1421 1106 1453 Crimina
1131 1422 1304 1460 deplorent,

1018 1467 1121 1499 cordis
1145 1467 1330 1507 singultibus
1355 1468 1451 1498 orent.

1034 1597 1080 1628 In
1105 1598 1135 1629 3.
1160 1596 1385 1628 Nocturno.

1118 1669 1308 1704 Antiphonae.

941 1760 948 1768 .
973 1733 1080 1766 Justus
1105 1744 1162 1773 pro
1184 1735 1306 1773 justitia

1019 1782 1109 1814 Stare
1132 1789 1194 1813 non
1218 1782 1337 1822 vitavit,

973 1828 1170 1866 Aequitatem
1194 1827 1343 1861 Dominus

1017 1873 1095 1912 Ejus
1119 1874 1314 1913 approbavit.

941 1963 948 1969 .
974 1938 1011 1969 In
1037 1939 1166 1970 excelsis
1188 1937 1329 1978 pontifex

1019 1984 1151 2016 Habitat
1171 1994 1307 2024 securus,

976 2031 1033 2069 Qui
1057 2040 1114 2070 pro
1141 2032 1230 2063 domo
1252 2031 1381 2063 Domini

1019 2076 1146 2111 Firmus
1172 2081 1241 2109 erat
1263 2087 1379 2112 murus

941 2167 947 2173 .
973 2141 1110 2174 Thomae
1138 2143 1335 2184 desiderium,

1019 2189 1151 2229 Christe,
1174 2189 1322 2233 tribuisti,

974 2234 1025 2265 Ad
1050 2238 1081 2266 te
1107 2244 1165 2274 per
1187 2237 1371 2276 martyrium

1021 2281 1116 2322 Sequi
1140 2283 1274 2315 voluisti.
