1656 2491
323 201 429 233 Sancti
454 200 601 232 desiderii

368 246 480 278 Uritur
503 247 624 278 ardore.

289 324 296 332 .
321 301 496 339 Adjunctus
520 299 649 331 Evurtio

366 346 511 377 Minister
536 346 662 376 devotus

320 392 463 430 Fungens
485 389 657 421 sacerdotio

365 436 472 467 Abbas
497 438 544 465 est
565 436 732 473 promotus.

285 517 292 524 .
319 492 342 523 Ο
368 489 575 520 conscendens
600 488 767 527 margarita

362 535 411 566 De
435 535 571 573 virgineo
597 542 734 574 corpore,

318 581 479 619 Apostolis
505 580 626 611 counita

361 626 436 658 Cum
461 626 607 657 aureolae
632 626 752 664 decore,

319 672 401 710 Quae
424 672 491 702 sola
514 680 546 701 es
572 671 718 702 exaudita

362 717 598 748 Persecutorum
621 719 778 755 tempore3

284 791 290 797 .
315 763 384 801 Age
407 771 527 793 causam
551 763 644 793 hodie

362 808 513 839 Derelicti
537 809 637 847 gregis

316 853 354 885 In
378 856 545 892 conspectu
569 854 672 884 curiae

365 899 552 937 Sempiterni
574 900 666 938 regis.

440 966 485 993 Ad
502 966 675 1000 Magnificat-

319 1017 343 1048 Ο
367 1018 492 1055 praesul
516 1018 645 1056 egregie,

363 1062 446 1093 Laus
472 1065 502 1093 et
528 1063 620 1093 decus
644 1062 829 1101 praesulum,

319 1108 438 1147 Regula
458 1108 607 1146 justitiae,

365 1153 510 1184 Caritatis
534 1154 698 1191 vinculum,

318 1198 407 1230 Ebur
430 1199 607 1238 pudicitiae,

362 1244 543 1275 Honestatis
568 1244 737 1285 speculum,

318 1289 433 1321 Forma
456 1290 683 1327 sanctimoniae,

366 1334 545 1366 Sanctitatis
569 1336 691 1366 titulum

319 1380 509 1419 Relinquens
533 1382 691 1418 ecclesiae,

365 1425 443 1456 Esto
465 1426 728 1465 propugnaculum

320 1471 494 1502 Praesentis
516 1471 661 1512 familiae,

367 1517 558 1549 Conservans
581 1518 614 1548 in
637 1517 792 1548 saeculum

321 1562 525 1594 Assistentem
548 1563 642 1594 hodie

366 1608 452 1639 Tuae
474 1608 560 1639 laudi
583 1609 739 1648 populum,

387 1690 447 1721 Ad
468 1691 725 1722 Matutinum.

449 1754 659 1781 Invitatorium,

319 1809 452 1841 Plaudat
476 1810 598 1841 devotio

365 1854 475 1886 Coetus
501 1855 667 1887 Christiani

318 1900 436 1932 Sistens
458 1902 623 1939 praeconio

364 1946 466 1977 Patris
490 1948 615 1981 Auiani.

380 2028 425 2059 In
451 2029 481 2061 1.
508 2029 729 2061 Nocturno.

460 2092 650 2127 Antiphonae.

285 2176 291 2181 ,
316 2147 464 2180 Evurtius
489 2151 612 2181 sanctus
637 2149 734 2181 obitui

363 2194 432 2225 Jam
456 2196 698 2235 approximatus,

317 2240 472 2272 Anianum
494 2242 575 2280 petit
598 2242 743 2274 substitui

364 2286 464 2318 Curae
486 2289 690 2326 praesulatus,

869 103 914 138 36

931 196 960 226 2.
987 192 1070 223 Puer
1092 190 1221 228 loquens
1246 186 1338 226 erigit

922 1101 954 1133 2.

1028 237 1132 269 Breve
1155 234 1322 271 <ie-altari,

986 283 1038 315 Sic
1061 281 1151 322 plebs
1175 283 1316 312 sanctum
1342 278 1428 317 eligit

1030 329 1082 363 Ex
1107 336 1257 359 consensu
1280 325 1360 365 pari.

979 384 1173 424 Agrippinas
1196 380 1387 421 supplicanti

1027 431 1140 462 Sancto
1164 430 1356 469 respondens
1380 426 1502 458 tumide

984 475 1160 515 Corripitur
1182 476 1215 506 in
1238 473 1368 506 instanti

1029 521 1149 553 Grandi
1172 528 1337 560 percussus
1362 518 1478 557 lapide.

1121 585 1324 619 Responsoria.

983 632 1120 671 Vergens
1145 631 1186 663 ad
1209 632 1292 663 vitae
1316 637 1480 668 vesperum

1030 677 1161 709 Sanctus
1184 677 1311 716 praesul
1334 676 1483 707 Evurtius

978 724 1135 756 Anianum
1159 723 1376 761 presbyterum

1024 768 1094 800 Jam
1118 768 1226 799 mortis
1250 776 1325 799 suae
1347 768 1508 806 praescius

979 814 1194 846 Successorem
1219 817 1250 844 et
1273 816 1431 852 posterum

1025 860 1108 891 Fore
1131 863 1235 891 monet,
1258 859 1415 891 attentius.

979 906 1066 944 Quod
1088 904 1216 944 Moyses
1240 905 1334 937 Josue

1026 951 1118 982 Senio
1142 954 1297 992 gravatus,

980 997 1049 1029 Hoc
1074 997 1136 1036 egit
1158 997 1327 1036 praecipue

1024 1043 1153 1074 Praesul
1176 1045 1372 1074 memoratus.

979 1098 1032 1130 Ad
1058 1098 1196 1128 divinum
1219 1097 1377 1129 oraculum

1022 1143 1179 1174 Fidelium
1204 1144 1326 1175 devotio

978 1189 1152 1221 Recurrens
1176 1197 1234 1227 per
1256 1189 1442 1221 infantulum

1023 1234 1139 1265 Trinae
1163 1235 1247 1266 vocis
1269 1234 1386 1267 indicio

978 1280 1079 1312 Audit,
1100 1280 1160 1311 Dei
1184 1279 1332 1312 famulum

1022 1325 1159 1365 Dignum
1184 1326 1353 1365 pontificio,

977 1372 1091 1404 Pandit
1115 1372 1264 1403 ecclesiae

1022 1418 1060 1448 In
1084 1426 1141 1447 usu
1164 1418 1313 1449 sermonis

980 1463 1069 1495 More
1093 1463 1263 1494 Zachariae

1023 1508 1059 1539 In
1083 1511 1153 1539 ortu
1174 1511 1348 1547 praeconis.

946 1588 953 1596 .
978 1563 1153 1601 Agrippino
1176 1565 1334 1603 supplicat

1023 1608 1085 1639 Pro
1108 1609 1320 1650 incarceratis,

979 1654 1131 1686 Pietatem
1154 1656 1319 1693 praedicat,

1022 1699 1066 1731 Et
1085 1700 1136 1738 jus
1160 1700 1325 1742 libertatis,

978 1746 1066 1784 Quod
1091 1746 1253 1778 confestim
1275 1748 1394 1780 indicat

1022 1791 1105 1823 Usus
1131 1793 1298 1832 dignitatis,

977 1837 1056 1870 Nam
1081 1847 1156 1876 quos
1182 1839 1390 1879 denegaverat

1021 1883 1181 1915 Pontificis
1204 1887 1361 1926 precibus,

977 1929 1043 1961 Hos
1067 1930 1168 1961 subito
1192 1931 1307 1964 liberat

1022 1975 1118 2014 Lapis
1143 1977 1210 2008 sine
1232 1978 1382 2010 manibus.

1039 2050 1084 2081 In
1110 2052 1141 2083 2.
1166 2051 1393 2086 Nocturno.

1118 2105 1310 2141 Antiphonae.

946 2178 952 2185 .
978 2152 1108 2184 Sanctus
1133 2154 1237 2185 oculos
1262 2155 1385 2187 abbatis

1023 2197 1150 2230 Liniens
1175 2208 1213 2230 ex
1236 2205 1327 2240 sputo

980 2243 1076 2275 Vellit
1098 2254 1288 2284 squammam
1312 2249 1470 2283 caecitatis

1023 2291 1102 2322 Visu
1127 2293 1280 2326 restituto.
