1656 2491
783 122 1036 156 -208—

339 216 482 255 Expletis
508 216 588 246 curis

382 262 512 293 intravit
534 261 647 300 gaudia
668 260 756 291 lucis.

304 333 311 339 .
335 308 431 339 Auxit
456 316 513 346 per
535 307 646 338 merita

384 353 443 384 sibi
466 353 583 384 tradita
603 352 735 391 quinque
751 353 875 386 talenta.

306 426 312 433 .
337 403 421 434 Ecce
444 403 644 441 sacerdotem,

384 450 469 488 cujus
491 449 658 488 prudentia
681 450 819 481 sanctum

339 494 475 526 Suffulsit
498 495 655 534 templum,

388 541 504 573 Christi
527 540 679 572 stabilivit
703 542 734 571 et
757 542 875 581 aedem,

303 609 310 616 .
335 586 372 617 In
396 587 460 617 vita
483 587 601 625 placuit

381 632 521 671 Domino,
545 632 669 671 plebem
692 632 770 664 bene
784 634 874 674 rexit,

305 714 312 720 .
338 687 362 719 O
387 687 510 727 praesul
534 691 648 727 noster,

380 736 479 764 tecum
507 733 594 764 decet
616 736 652 764 ut
674 734 871 774 gratulemur,

337 779 394 817 Qui
417 780 530 810 mundo
554 779 686 810 moriens

379 834 441 856 non
467 825 580 856 desinis
605 833 672 857 esse
694 827 850 866 sacerdos,

335 871 468 903 Coelesti
492 871 555 902 vita

381 916 493 948 frueris
518 926 574 955 per
597 917 720 948 saecula
743 920 861 950 cuncta.

302 986 308 992 .
334 963 404 994 Jam
433 963 531 994 cernis
557 963 709 994 Christum

381 1009 478 1047 patris
503 1018 521 1039 a
544 1010 661 1041 dextris
677 1009 872 1042 residentem.

400 1091 444 1122 In
470 1093 501 1124 2.
525 1091 745 1124 NocturnO.

477 1145 664 1180 Antiphonae.

303 1215 308 1222 .
334 1192 390 1224 Vir
414 1191 537 1223 effectus
559 1201 709 1231 prospere

381 1236 558 1271 Venstriam
578 1239 715 1278 regebat,

334 1284 472 1315 Tandem
493 1286 598 1323 partes
621 1285 753 1323 Angliae

380 1332 489 1369 potens
515 1329 710 1361 defendebat.

304 1407 312 1415 .
337 1384 509 1423 Utrobique
532 1386 617 1424 regia

379 1431 451 1468 jura
476 1431 619 1462 dilatavit

337 1478 385 1508 Ac
408 1477 440 1507 in
463 1485 541 1515 pace
564 1477 664 1508 solida

381 1524 489 1553 cuncta
512 1521 700 1555 reformavit.

301 1599 307 1605 .
334 1576 395 1608 Sed
421 1579 451 1607 et
476 1577 581 1608 domus
605 1577 730 1608 Domini

379 1623 528 1654 maximus
551 1624 668 1654 zelator

334 1668 434 1699 Pluris
459 1668 600 1699 beneficii

378 1715 482 1754 largus
507 1717 553 1745 est
576 1714 731 1747 fundator.

470 1778 669 1813 Responsoria.

301 1849 308 1856 .
334 1825 514 1863 Praeposito
538 1825 623 1864 plebi

377 1880 488 1910 magna
512 1871 627 1902 virtute
650 1874 769 1911 potenti

333 1916 429 1948 Sacra
452 1926 559 1948 manus
582 1918 707 1950 Domini

377 1963 579 1994 subveniebat
602 1965 639 2004 ei,

296 2033 303 2039 .
330 2009 375 2042 Ut
397 2009 500 2041 David
526 2012 572 2040 est
596 2014 715 2051 unctus,

377 2058 412 2086 ut
434 2056 540 2087 Aaron
565 2059 610 2087 est
629 2058 698 2097 ipse
713 2061 868 2092 sacerdos.

298 2130 305 2138 .
330 2107 365 2138 In
390 2114 496 2146 regum
519 2108 671 2146 quondam

377 2156 541 2192 conspectu
563 2154 773 2194 magnificatus

331 2198 422 2230 Nunc
443 2200 646 2232 immortalem

375 2246 490 2285 gaudet
514 2247 631 2285 cepisse
655 2257 807 2290 coronam,

296 2316 302 2323 .
328 2292 494 2324 Deservire
516 2292 582 2324 Deo

376 2339 492 2370 malens
517 2348 606 2378 quam
631 2349 725 2380 regna
746 2344 861 2377 tenere.

944 217 975 248 3.
1001 214 1167 247 Confessor
1191 216 1308 248 Christi

1044 260 1129 300 felix,
1155 260 1290 294 feliciter
1313 263 1387 295 audi

998 307 1063 338 Nos
1087 307 1147 338 tibi
1172 308 1299 342 devotos

1043 353 1190 393 laudique
1213 358 1286 387 tuae
1309 355 1505 395 famulantes,

999 400 1060 431 Ast
1081 400 1279 439 impetratam

1044 447 1166 477 veniam
1190 456 1247 486 pro
1273 448 1401 479 crimine
1424 450 1541 488 nostro,

998 492 1196 532 QuaesumuS,
1221 497 1257 525 ut
1278 494 1367 526 nobis

1045 539 1172 570 coelitus
1196 540 1347 572 obtineas.

962 609 970 617 .
997 584 1021 615 O
1045 587 1136 623 pater
1160 585 1325 626 Osmunde,

1044 631 1160 662 clarum
1182 631 1275 663 decus
1292 632 1378 663 urbis
1396 634 1428 663 et
1444 632 1539 672 orbis,

996 675 1160 708 Servorum
1184 679 1315 716 gemitus

1040 723 1146 754 tristes
1170 726 1204 755 tu
1228 725 1352 764 suscipe
1376 724 1520 757 clemens.

1062 834 1106 865 In
1132 836 1162 866 3.
1187 834 1374 867 Nocturn
1385 845 1412 868 o.

1141 902 1332 938 Antiphonae.

961 983 968 989 .
996 957 1103 989 Comes
1128 957 1228 990 factus
1253 959 1364 999 Sagiae

1040 1012 1108 1034 cum
1132 1006 1281 1036 successit,
1304 1007 1396 1048 patri,

997 1050 1115 1082 Cuncta
1139 1051 1193 1081 dat
1217 1053 1366 1083 ecclesiae

1039 1096 1120 1127 bona
1142 1105 1198 1127 sua
1220 1099 1323 1130 matri.

964 1179 969 1185 .
997 1155 1154 1187 Postremo
1179 1156 1344 1189 Dorsetiae

1038 1203 1146 1232 nactus
1173 1204 1349 1234 comitatum

992 1246 1103 1285 spreto
1127 1250 1240 1280 mundo
1265 1250 1401 1281 trahitur

1036 1302 1108 1324 mox
1132 1294 1172 1325 ad
1196 1296 1418 1333 praesulatum.

938 1372 966 1382 -.
993 1351 1063 1383 Jam
1087 1353 1250 1385 coelestem
1275 1355 1427 1397 obtinenS‚

1037 1401 1154 1437 pastor,
1179 1401 1400 1441 praelaturam,

996 1443 1100 1475 Servis
1122 1445 1184 1476 tuis
1207 1447 1357 1486 impetres

1039 1491 1133 1522 vitam
1157 1499 1400 1530 permansuram.

1129 1582 1332 1618 Responsoria.

958 1661 965 1669 .
991 1639 1074 1668 Ante
1098 1638 1198 1669 Deum
1221 1650 1349 1680 magnas

1037 1684 1167 1716 virtutes
1190 1689 1238 1717 est
1261 1690 1407 1726 operatus

994 1729 1168 1762 Osmundus
1192 1737 1327 1773 sanctuS,

1038 1777 1123 1815 cujus
1149 1778 1289 1811 doctrina
1312 1780 1447 1812 salubris

993 1822 1111 1854 Curans
1135 1825 1283 1857 ecclesias

1036 1869 1173 1901 illustrat
1194 1871 1227 1903 in
1253 1872 1328 1904 orbe
1350 1872 1478 1914 fideles;

958 1939 965 1946 .
990 1914 1142 1946 Mundum
1167 1920 1362 1960 contempsit,

1034 1962 1099 2000 Jam
1124 1964 1239 1996 coelica
1259 1974 1355 2005 regna
1370 1967 1536 2000 subintrat.

959 2048 966 2054 .
991 2020 1134 2054 Infirmos
1160 2028 1256 2067 curat,

1037 2077 1143 2101 caecos
1169 2072 1200 2100 et
1225 2071 1403 2104 debilitatos

989 2114 1141 2146 Membris
1166 2118 1350 2160 consolidat,

1036 2162 1151 2200 partim
1175 2170 1270 2201 genus
1295 2174 1384 2197 omne
1408 2167 1535 2199 doloris.

992 2206 1096 2238 Donat
1119 2208 1148 2239 ei
1170 2208 1333 2251 Dominus,

1037 2256 1073 2284 ut
1095 2262 1255 2288 removere
1278 2261 1380 2299 queat,

956 2326 962 2332 .
987 2300 1038 2331 An
1061 2299 1170 2340 febris,
1196 2311 1234 2334 an
1258 2306 1368 2346 pestis,

1035 2356 1074 2377 an
1099 2348 1138 2378 sit
1162 2357 1311 2386 pressura
1333 2353 1482 2391 parentis.
