1679 2491
213 172 245 202 2.
271 168 309 200 In
334 165 464 198 extremi
487 164 615 204 spiritus

316 212 440 245 Labore
464 213 654 250 compertum

269 260 319 291 De
341 258 441 298 portis
462 257 606 289 interitus

315 305 456 338 Revocat
477 303 675 336 Mamertum.

214 364 245 396 3.
269 362 392 400 Lapsns
416 357 560 390 aedificio

317 407 454 445 Corpore
479 404 637 437 confracto

271 452 428 485 Redditur
452 450 554 483 officio

319 498 411 537 Signo
437 497 537 529 crucis
561 496 654 530 facto.

409 561 613 597 Responsoria.

217 611 248 643 1.
273 608 370 641 Urbis
396 608 623 641 Genabensium

319 655 435 687 Hunna
458 662 532 693 gens
556 653 718 684 incredula

273 701 413 732 Minatur
437 699 601 737 excidium,

319 745 408 777 Tunc
432 744 511 784 fugit
534 753 608 783 gens
632 743 765 774 tremula

273 792 327 823 Ad
350 791 484 830 pastoris
507 790 656 829 gremium

318 837 461 869 Metuens
485 836 643 875 pericula3

207 885 245 917 V.
272 884 343 915 Non
367 883 458 915 hasta
483 882 531 914 vel
556 881 655 920 clipeo

322 929 451 961 Praesul
474 930 555 960 hanc
578 926 710 959 armavit

276 976 340 1008 Sed
365 983 433 1005 eum
456 973 647 1005 Macchabeo

320 1021 434 1052 Verbis
458 1019 617 1052 animavit.

217 1080 248 1110 2.
274 1076 356 1108 Dum
379 1075 460 1107 muri
485 1075 606 1106 vallant
628 1073 775 1105 ambitum

319 1122 421 1154 Attila
447 1123 590 1152 cruentus

274 1168 319 1200 Et
342 1176 411 1199 cum
435 1175 471 1198 eo
494 1166 664 1198 satellitum

321 1213 498 1253 Malignans
523 1215 702 1250 conventus,

276 1260 408 1292 Sanctus
433 1257 563 1297 opponit
585 1257 719 1289 sonitum

321 1305 430 1337 Suavis
456 1306 630 1335 concentus.

208 1353 248 1386 V.
275 1351 413 1391 Opponit
436 1350 558 1382 obviam

322 1397 427 1429 Verba
451 1395 602 1427 cantionis

276 1443 428 1482 Clangens
452 1442 484 1472 in
509 1440 648 1473 Madiam

319 1489 410 1521 More
435 1487 601 1519 Gedeonis.

217 1547 249 1579 3.
274 1544 407 1576 Divinae
434 1542 591 1581 potentiae

321 1591 465 1622 Sentiens
490 1588 638 1620 auxilium

273 1636 387 1676 Spreta
410 1636 510 1676 gentis
534 1634 622 1666 rabie

318 1682 471 1721 Conspuit
493 1682 525 1713 in
549 1680 696 1717 medium,

272 1729 325 1761 Sic
348 1729 473 1760 triduae
496 1727 622 1767 pluviae

317 1774 488 1808 Redundat
511 1772 707 1813 profluvium.

205 1822 244 1854 V.
269 1822 359 1860 Quod
384 1821 471 1852 Elias
495 1820 598 1859 potuit

320 1866 468 1899 Passibili
493 1873 632 1903 corpore,

270 1914 342 1946 Hoc
369 1914 494 1944 sanetus
520 1911 654 1942 obtinuit

317 1961 356 1992 In
380 1957 488 1990 hostili
511 1961 661 1996 tempore.

335 2035 379 2067 Iu
407 2035 438 2066 3.
465 2033 689 2064 Nocturno.

415 2087 609 2122 Antiphonae.

209 2139 242 2173 1.
267 2137 350 2170 Dum
375 2138 553 2168 sanctorum
577 2133 689 2165 merita

317 2184 410 2216 Muro
436 2182 606 2214 decantans
629 2180 763 2220 invocat,

266 2231 458 2264 Irridentem
481 2237 566 2261 mors
589 2226 694 2260 subita

315 2278 424 2309 Virum
443 2275 660 2315 blasphemum
677 2271 819 2305 suffocat.

821 71 866 105 37

881 168 912 199 2.
938 166 1013 197 Mox
1037 169 1072 196 ut
1095 164 1197 195 Attila
1220 164 1330 196 circuit

985 210 1125 243 Civitatis
1149 211 1279 249 moenia,

941 257 1071 289 Sanctus
1094 256 1126 287 in
1151 256 1281 287 Hunuos
1306 255 1429 294 exspuit

983 303 1027 335 Et
1049 303 1181 334 inundat
1202 302 1319 341 pluvia.

908 382 915 390 .
940 358 1032 390 Anno
1055 366 1114 397 quo
1137 360 1261 396 sanctus
1286 357 1406 395 expulit

983 403 1136 442 Populum
1158 401 1343 441 praefatum,

939 449 1045 481 Tellus
1070 449 1183 481 accolis
1208 449 1312 480 attulit

983 496 1134 527 Fructum
1158 495 1356 534 duplicatum.

1078 567 1280 603 Responsoria.

907 643 914 651 .
942 619 1057 651 Christi
1082 619 1171 650 miles
1194 618 1319 650 inclitus

986 664 1147 704 Cingulum
1170 664 1300 695 militiae

941 710 1080 749 Deponit
1104 710 1248 740 emeritus

984 755 1037 787 Ad
1060 755 1202 787 bravium
1225 755 1346 793 patriae

939 801 1096 833 Evocatus
1122 800 1259 832 coelitus.

939 846 992 878 Sol
1015 854 1156 886 egressus
1179 845 1286 877 nubilo

985 892 1113 924 Transit
1135 891 1405 931 hemisphaerium,

942 938 1018 970 Cum
1042 940 1218 969 sanctorum
1239 937 1338 975 jubilo

986 984 1144 1017 Scaudens
1169 984 1250 1023 regit
1272 982 1392 1014 solium.

941 1039 1109 1076 Purgatum
1132 1038 1250 1070 habens
1275 1038 1396 1069 oculum

986 1085 1042 1116 Vir
1066 1084 1248 1116 anachorita

942 1131 1078 1170 Raptum
1101 1131 1134 1162 in
1157 1130 1268 1162 mentis
1294 1130 1426 1161 culmine

985 1176 1082 1207 Videt
1102 1177 1136 1207 in
1159 1176 1218 1207 hac
1242 1176 1306 1207 vita

942 1223 1141 1254 Translatum
1164 1221 1224 1252 Dei
1249 1220 1397 1253 famulum

940 1267 1162 1307 Apostolorum
1186 1267 1296 1299 ordine

939 1315 1126 1352 Assumptus
1152 1322 1219 1344 cum
1239 1312 1317 1352 Deo,

989 1358 1207 1397 Contemplans
1231 1359 1312 1389 huno
1336 1357 1416 1389 facie

934 1405 1005 1436 Stat
1028 1414 1096 1436 cum
1118 1404 1327 1436 Mardochaeo

987 1452 1074 1483 Inter
1101 1451 1218 1489 primos
1242 1450 1317 1483 acie.

886 1509 917 1540 3.
941 1507 980 1538 In
1002 1506 1186 1537 virtututum
1209 1506 1320 1536 tumuli

986 1552 1134 1584 Miranda
1156 1551 1331 1590 frequentia

943 1598 1131 1630 Catervatim
1155 1597 1263 1637 populi

988 1645 1124 1677 Currunt
1147 1643 1187 1675 ad
1212 1643 1358 1683 suffragia

941 1691 1149 1730 Reportantes
1174 1689 1287 1729 singuli

987 1736 1048 1769 Dei
1071 1735 1231 1767 beneficia.

876 1785 915 1816 V.
941 1783 1019 1815 Ossa
1042 1782 1159 1820 Joseph
1183 1781 1349 1820 pullulant,

986 1828 1053 1862 Ubi
1075 1828 1252 1867 visitantur,

935 1875 1118 1914 Impetrant‚
1145 1881 1222 1913 quae
1245 1872 1412 1912 postulant,

986 1919 1040 1959 Hi,
1067 1919 1117 1959 qui
1144 1921 1339 1951 venerantur.

876 1314 912 1347 V.

1060 2017 1106 2058 In
1130 2017 1302 2049 Laudes.

1084 2075 1276 2111 Antiphonae.

885 2130 916 2163 1.
941 2130 1018 2161 Post
1041 2128 1205 2161 transitum
1230 2127 1383 2167 praesulis

987 2175 1104 2207 Merita
1126 2173 1329 2214 praeambula

942 2222 1111 2254 'testantur
1134 2222 1167 2253 in
1189 2220 1313 2261 populis

990 2268 1103 2301 Secuta
1125 2268 1284 2300 miracula.
