1679 2491
756 74 961 108 -9-

220 166 279 200 die
293 164 397 200 sehon
409 165 560 200 Kehrein
574 177 634 201 aus
647 166 709 202 der
722 166 810 201 1495
824 177 867 201 zu
877 167 1052 203 Deventer
1063 168 1272 211 gediuckten
1286 168 1502 211 Sequenzen-

221 220 413 264 sammlung
441 221 627 265 mitgeteilt
655 221 724 257 hat.
772 221 833 256 Ich
863 223 977 258 werde
1010 223 1174 258 zun'achst
1205 224 1271 258 den
1295 222 1385 258 Text
1414 224 1500 258 nach

222 275 374 311 Kehrein
395 276 469 311 und
493 277 554 311 der
576 276 815 311 Darmstadter
836 277 1058 313 Handschrifi:
1081 278 1159 320 521,
1182 278 1277 313 einer
1301 277 1500 318 Sammlune,¹

219 340 287 365 von
304 330 470 372 Gebeten‚
495 331 654 374 Hymnen
677 332 747 366 und
764 331 974 376 Sequenzen,
999 333 1238 375 wiederholen,
1263 334 1318 368 die
1343 332 1433 367 1462
1457 344 1499 368 zu

219 385 358 421 Kloster
383 385 489 430 Gamp
513 386 734 429 geschrieben
757 388 895 422 worden
905 386 942 432 1).

221 442 252 474 1.
278 442 429 484 Lebuine,
457 442 667 474 confessorum
890 445 922 477 5.
946 446 1018 477 Huc
1041 446 1155 477 transit
1179 443 1337 477 confessor
1360 448 1465 485 gratus

279 489 478 521 Praecellens
502 488 569 526 fiOS‚
596 490 648 527 qui
672 490 815 527 polorum

325 535 436 575 Regna
458 535 584 566 scandis
608 534 708 567 ardua

278 580 437 619 Linquens
463 581 579 620 orbem,
605 581 780 612 validorum

281 627 343 659 Cor
366 628 492 665 plenum
514 627 648 666 portasti
671 636 801 666 morum,

326 672 375 703 Tu
397 673 513 711 pandis
536 673 698 704 miracula.

221 728 253 759 2.
276 726 402 758 Domini
425 735 516 758 voces
538 726 668 758 audisti:

279 773 393 804 Transi
415 781 511 811 mare,
537 772 620 812 leges
647 772 763 804 Christi

324 819 443 850 Resera
467 818 649 857 Saxonibus‚

276 865 370 897 Alme
391 867 493 903 pater,
518 864 565 895 sic
588 864 689 895 fecisti

279 910 414 950 Jussum,
443 911 589 949 TraJecto
613 910 714 941 tulisti

324 955 445 995 Verba3
473 956 545 987 dum
571 956 739 995 Gregorius

218 1014 253 1046 3.
277 1011 409 1043 Praesul
433 1012 521 1043 novit
544 1011 726 1053 Lebuinum‚

279 1057 410 1089 Servum
435 1057 551 1089 direxit
575 1057 713 1089 divinum

324 1103 396 1135 Huc
420 1105 485 1135 toto
512 1103 678 1135 conamine.

279 1150 416 1189 Populus
442 1151 486 1181 cis
508 1150 615 1182 Yslam
641 1150 781 1188 credens,

279 1195 399 1227 Deitati
422 1205 495 1227 mox
518 1196 679 1233 accedens,

327 1241 431 1273 Servit
454 1249 606 1280 personae
630 1242 740 1275 trinae.

220 1298 255 1328 4.
280 1295 416 1327 Numine
439 1297 586 1334 templum
612 1295 771 1338 fundatur,

283 1341 370 1379 Quod
395 1341 522 1381 Wilpen
548 1343 770 1381 convoeitatur‚

327 1388 418 1419 Fecit
440 1387 500 1419 hoc
523 1396 597 1427 gens
622 1388 765 1427 credula3

280 1433 411 1466 Sanctus
436 1434 564 1465 vitiosos
589 1433 727 1473 mundat,

280 1479 454 1519 Baptizatis
475 1480 661 1519 promissum
687 1481 750 1520 dat,

946 492 1065 529 Patria,
1090 492 1204 531 gaudet
1228 493 1366 532 vexatus,

992 536 1171 568 Daventren
1196 538 1299 568 credit
1318 538 1373 575 pia

946 583 1132 614 Plasmatori
1155 586 1357 622 terrenorum,

946 629 1003 666 Qui
1024 630 1109 667 justo
1133 637 1189 660 sua
1214 629 1368 660 coelorum

992 673 1057 705 Dat
1078 676 1242 712 praeclara
1265 675 1389 713 gaudia.

912 750 920 757 .
945 727 1114 769 LebuinuS‚
1138 729 1187 759 vir
1211 731 1362 767 sensatus,

946 774 1096 815 Prudens,
1123 773 1206 804 mitis
1232 775 1263 805 et
1285 774 1405 812 beatus,

992 818 1086 858 Signa
1110 818 1184 850 fecit
1207 820 1352 860 plurima,

945 863 1133 896 Diffidentes
1160 866 1331 903 superavit,

945 911 1079 949 Quorum
1102 914 1221 942 mentes
1244 912 1434 950 permutavit

992 957 1054 989 Per
1076 956 1174 988 verba
1198 957 1345 988 salubria.

914 1039 919 1045 .
946 1011 1047 1050 Saepe
1070 1011 1180 1043 turbae
1205 1015 1422 1052 convenerunt,

946 1057 1099 1089 Generale
1124 1058 1197 1089 dum
1220 1057 1363 1089 fecerunt

993 1103 1117 1136 Pariter
1141 1104 1302 1135 consilium

946 1149 1026 1181 Illuc
1048 1149 1214 1188 presbyter
1238 1150 1392 1189 transivit,

947 1195 1039 1226 Hunc
1062 1195 1233 1236 laesissent,
1260 1197 1316 1226 sed
1341 1195 1439 1226 abivit

993 1241 1192 1279 Reliquitque
1216 1241 1375 1280 populum.

914 1321 920 1327 .
946 1296 1087 1327 Tandem
1110 1296 1238 1326 illaesus
1263 1296 1386 1335 meavit,

946 1342 1088 1380 Namque
1109 1349 1165 1372 rex
1187 1341 1275 1372 iHum
1300 1341 1436 1373 salvavit

993 1386 1104 1419 Cordis
1127 1395 1259 1418 noscens
1283 1387 1418 1429 condita,

946 1433 1019 1464 Fiet
1042 1433 1169 1473 quaevis
1195 1441 1266 1465 caro
1292 1433 1369 1464 cinis

948 1479 1037 1519 Viva,
1061 1480 1148 1510 venit
1172 1480 1232 1511 cito
1256 1477 1337 1517 finis,

326 1525 408 1558 Cluit
434 1526 487 1557 dia
509 1526 619 1565 gratia.
992 1525 1042 1557 De
1067 1525 1149 1557 dulci
1173 1525 1287 1565 migrat
1309 1524 1384 1558 vita.

296 1635 319 1671 1)
336 1634 400 1664 Fol.
422 1634 439 1663 Ο
459 1635 477 1664 b
498 1634 578 1664 lesen
597 1635 648 1663 wir
668 1634 715 1663 die
735 1633 902 1664 Schicksale
922 1634 973 1663 der
991 1632 1181 1662 Handschrift
1198 1632 1369 1662 betreffend:
1395 1632 1505 1662 Notum

220 1682 260 1712 sit
290 1681 421 1711 omnibus
449 1681 554 1710 librum
579 1683 762 1718 praesentem
786 1681 973 1717 inspectum,
1007 1678 1084 1716 quod
1110 1687 1184 1708 anno
1211 1678 1328 1709 Domini
1354 1678 1505 1708 millesimo

222 1726 503 1767 quadringentesimo
533 1727 712 1764 sexagesimo
743 1726 869 1756 secundo
896 1726 1074 1762 conscriptus
1098 1725 1154 1754 fuit
1175 1734 1229 1762 pro
1255 1725 1357 1762 majori
1381 1728 1465 1761 parte
1490 1733 1508 1753 a

221 1774 343 1805 diversis
354 1773 495 1803 fratribus
507 1782 560 1810 per
573 1775 729 1810 quaternos
742 1772 850 1809 divisis,
868 1781 901 1802 eo
918 1772 997 1809 quod
1011 1772 1157 1808 exemplar
1171 1771 1209 1800 ad
1222 1769 1368 1799 sufficiens
1384 1773 1507 1807 tempus,

221 1824 254 1850 ut
278 1820 313 1850 ab
338 1828 395 1849 uno
423 1820 608 1856 scriberetur,
638 1819 754 1848 retineri
782 1828 841 1849 non
864 1819 966 1856 potuit.
1005 1817 1051 1847 Ex
1070 1818 1174 1852 quibus
1195 1817 1280 1846 etiam
1299 1816 1446 1852 quaternis
1465 1817 1507 1845 sic

223 1866 338 1903 scriptis
359 1869 463 1903 postea
483 1874 537 1903 per
555 1868 685 1895 exortum
701 1865 880 1902 inopinatum
899 1864 1063 1892 incendium
1082 1862 1179 1900 aliqui*
1193 1863 1332 1892 combusti
1352 1861 1468 1891 fuerunt
1481 1866 1509 1891 et

223 1913 266 1943 sie
289 1920 362 1948 opus
381 1911 580 1949 imperfectum
593 1911 741 1940 remansit.
781 1910 838 1939 Sed
857 1918 957 1938 rursus
976 1909 1030 1938 sub
1050 1917 1125 1938 anno
1144 1907 1262 1938 Domini
1281 1907 1355 1937 1478
1371 1908 1439 1938 talis
1459 1908 1508 1938 de-

221 1959 313 1989 fectus
333 1962 505 1995 possetenus
523 1960 710 1994 recuperatus
731 1956 793 1986 fuit.
825 1956 866 1984 Et
885 1956 927 1985 sic
950 1963 985 1984 ex
1003 1958 1136 1992 corrupto
1151 1958 1181 1984 et
1193 1955 1305 1992 integro
1319 1954 1393 1984 liber
1406 1956 1509 1984 collec-

220 2010 268 2036 tus
287 2012 341 2043 per
360 2004 488 2034 diversos
508 2003 664 2040 scriptores
684 2006 813 2040 apparet,
834 2005 867 2031 ut
888 2002 990 2031 saltem
1008 2010 1062 2039 pro
1082 2001 1201 2038 aliquali
1222 2001 1378 2038 exemplari
1395 2000 1432 2030 ad
1443 2009 1509 2039 per-

218 2052 325 2082 fectius
352 2053 381 2081 et
408 2050 511 2080 melius
540 2049 790 2080 transcribendum
816 2048 846 2078 in
873 2052 1020 2086 posterum
1044 2047 1208 2076 haberetur.
1254 2047 1416 2084 Appositae
1444 2051 1511 2077 sunt

218 2102 373 2137 praeterea
397 2098 543 2127 orationes
568 2097 643 2126 aliae
668 2097 701 2125 in
729 2095 850 2125 diversis
875 2095 947 2124 locis
971 2102 1026 2124 nee
1044 2102 1103 2123 non
1123 2097 1152 2123 et
1171 2093 1207 2123 de
1225 2094 1355 2131 patronis
1375 2094 1511 2123 altarium

219 2145 307 2182 hujus
325 2144 492 2174 monasterii
513 2143 698 2180 Campensis,
727 2150 800 2179 quae
819 2141 851 2171 in
870 2141 1026 2179 exemplari
1045 2149 1104 2170 non
1123 2144 1213 2169 erant.
1251 2139 1394 2170 Emenclet
1412 2140 1507 2177 igitur,

217 2192 273 2231 qui
297 2191 425 2229 potuerit
449 2194 478 2220 et
503 2190 641 2224 voluerit,
655 2188 834 2226 'adaptando
855 2188 968 2225 singula
986 2187 1058 2217 locis
1079 2187 1152 2224 suis,
1179 2188 1340 2216 incorrecta
1362 2186 1511 2216 caritative

219 2237 392 2276 corrigendo
413 2239 443 2267 et
461 2238 533 2266 alias
554 2237 707 2270 orationes,
729 2243 803 2274 quae
821 2243 881 2265 non
897 2234 948 2264 hic
964 2234 1115 2268 habentur,
1135 2233 1162 2263 si
1179 2233 1324 2264 notabiles
1345 2236 1376 2262 et
1388 2233 1510 2263 devotas

221 2285 370 2320 invenerit,
394 2284 593 2314 adscribendo.
