1679 2491
710 88 962 123 -145—

580 182 659 223 Ave,
684 182 751 223 regi
775 192 882 224 regum
904 185 976 214 tuae

581 229 704 269 PreceS,
730 231 829 268 pater,
855 231 928 261 sunt
951 232 1105 268 acceptae,

581 274 640 312 Qui
663 277 696 305 te
719 277 861 307 sanctum
884 276 1081 307 sanctissima

581 319 644 352 Sua
663 322 809 359 probavit
834 322 972 361 dextera,

582 366 658 398 Cum
683 368 847 399 missarum
870 367 1020 399 solemnia

581 412 763 444 Celebrares
788 414 937 452 supplens
961 417 1071 446 cuncta

580 458 647 490 Tua
671 468 764 491 manu
790 461 1009 492 consecranda.

577 504 653 536 Tuis
678 507 869 545 quapropter
892 507 1038 545 precibus

574 550 727 591 Emunda,
753 560 832 590 quae
856 552 1077 584 commisimus,

265 614 348 641 Brev.
368 623 421 642 ms.
441 614 635 642 Ambianense
655 623 728 642 saec.
748 613 822 643 13i14.
857 615 923 643 Ood.
944 615 1115 643 Ambianen.
1137 613 1198 642 112.
1218 615 1251 642 A.
1267 629 1302 633 --
1315 614 1397 642 Brev.
1418 622 1470 640 ms.

189 651 483 715 ἓωῦἰῆηοῗὲἓῡεαᾶο.
511 649 553 678 15.
587 651 655 680 Coti.
683 652 853 680 Ambianen.
882 650 941 680 113.
968 654 1000 680 B.
1077 652 1160 680 Brev‚
1184 652 1377 679 Ambianense
1404 652 1472 686 imp.

217 696 313 715 ansus
352 704 358 711 μ
410 709 416 714 ,
461 708 466 714 ,

264 725 298 751 In
321 724 345 752 1.
365 725 451 760 Vesp.
473 725 508 752 ad
527 727 623 762 Magn.
645 725 667 752 Α
688 727 844 761 prosaiseh.
861 740 894 744 —
908 726 944 754 In
962 724 988 754 3.
1003 727 1086 754 Noct.
1100 725 1122 752 Α
1145 725 1169 758 1,
1193 724 1207 752 1
1221 726 1302 753 Haeo
1322 727 1377 752 iter
1391 724 1422 753 G.
1437 739 1472 743 -—

192 760 213 788 R
233 761 259 797 2,
280 760 296 789 9
317 764 407 789 risum
420 763 453 789 A.
467 777 493 781 -r
515 763 551 789 In
562 764 653 790 Laud.
668 761 690 788 Α
710 762 736 797 4,
757 761 775 789 2
794 764 945 790 benedixit
956 763 987 791 G.
1000 778 1038 782 -—
1050 763 1096 790 Ad
1108 764 1143 790 Be
1150 763 1214 790 ned.
1229 761 1251 789 A
1265 772 1312 798 pre
1319 763 1422 789 saisch.
1435 778 1472 782 -

191 800 251 827 Das
279 799 409 826 Officium
439 799 571 826 zeichnet
598 801 658 827 sich
686 809 737 827 aus
764 800 852 827 durch
880 803 942 827 eine
966 802 1055 828 bunte
1078 799 1232 835 Mischung
1255 808 1318 827 vers
1332 800 1420 826 ‘hiede
1438 808 1473 826 er

189 837 342 864 Versarten
363 837 514 864 innerhalb
535 837 683 865 dei-selben
703 837 833 872 Sti-opha,
852 851 889 856 --
902 837 943 864 Es
963 837 1043 873 giebt
1062 838 1133 864 zwei
1146 837 1263 872 Heilige
1282 837 1331 863 dee:
1345 837 1471 863 &Tumens

188 874 307 906 Firmin‚
335 874 419 901 beide
445 873 577 901 Bischssfe
603 883 661 901 von
686 875 819 909 Amiens,
847 874 893 901 dic
918 874 999 901 beidc
1028 882 1072 900 am
1099 871 1143 900 25.
1165 872 1249 909 Septe
1258 874 1332 901 ribai·
1358 873 1474 900 verzhrt

188 911 310 945 werden,
331 919 389 938 von
409 911 501 938 denen
521 910 570 938 der
590 912 654 939 eine
673 909 739 947 (vgl.
761 911 806 938 das
832 911 963 946 folgende
977 910 1119 945 Officium)
1131 910 1281 945 Martyrcr,
1302 911 1352 937 der
1366 910 1468 937 andere

189 948 341 975 Bekenner
360 949 407 975 ist.

567 1037 614 1068 54.
653 1038 688 1069 In
706 1037 886 1069 Inventione
906 1045 929 1069 s.
950 1036 1088 1068 Firmini.

318 1108 362 1138 In
390 1107 418 1139 1.
444 1106 670 1139 Nocturno.

398 1175 589 1210 Antiphonae.

221 1256 228 1263 .
253 1230 404 1270 Martyris
426 1231 557 1271 insignis

299 1277 433 1308 Firmini
456 1278 604 1318 inventio,
629 1279 725 1319 signis

255 1322 365 1355 Multis
390 1323 509 1356 famosa

300 1369 490 1408 multumque
514 1369 580 1402 Deo
605 1370 752 1409 pretiosa,

256 1415 405 1448 Omnibus
429 1415 585 1455 obsequiis

304 1465 352 1493 est
376 1462 541 1494 recolenda
564 1463 634 1501 piiS.

222 1542 229 1549 .
258 1517 321 1549 Sed
349 1516 448 1549 ditata
470 1517 550 1549 bono

298 1563 432 1595 Domino
456 1564 622 1595 miserante
645 1567 776 1604 patrono

254 1608 386 1641 Munere
409 1618 467 1649 pro
492 1610 547 1641 tali

299 1656 408 1688 merito
433 1656 544 1696 plausu
569 1658 700 1697 speciali

252 1702 337 1735 Urbs
363 1703 524 1735 Ambianis

299 1749 473 1781 exhilarata
498 1750 593 1783 canis

219 1831 226 1839 .
252 1804 346 1838 Unde
373 1805 441 1845 tibi,
468 1805 600 1846 Christe,

298 1851 407 1882 laudes
439 1850 579 1882 referens
605 1851 716 1883 chorus
739 1853 799 1883 iste

251 1899 386 1931 Plaudat
410 1900 442 1931 et
466 1897 610 1936 exsultet,

296 1944 392 1976 variis
419 1945 450 1975 et
472 1944 506 1975 in
531 1943 607 1975 orbe
630 1944 760 1975 resultet

249 1990 411 2023 Laudibus
436 1990 569 2022 ecclesia

294 2038 464 2070 sedulitate
486 2038 551 2076 pia.

387 2111 593 2146 Responsoria.

193 2166 223 2199 1.
252 2165 327 2197 Cum
352 2164 452 2204 glacie
476 2163 570 2195 tellus
593 2163 689 2195 hodie

293 2211 464 2251 brumaque
488 2211 614 2251 rigeret,

247 2258 292 2290 Et
314 2258 425 2290 mediis
452 2257 563 2290 diffusa
587 2257 645 2291 viis

294 2304 348 2336 nix
372 2305 437 2338 alta
458 2305 588 2345 jaceret,

237 2363 360 2391 Brevem,
374 2363 495 2387 Historia-e
508 2363 661 2391 rhythmicae.
688 2362 721 2387 Π.

856 1865 894 1899 V.

924 1106 1056 1138 Iudiciis
1079 1107 1178 1138 sensit
1201 1105 1297 1138 variis

971 1161 1047 1192 grex
1069 1152 1242 1192 religiosus,

926 1199 1064 1237 Quantus
1089 1202 1157 1230 erat
1180 1199 1230 1230 vel
1255 1198 1330 1237 quid
1346 1200 1471 1237 poterat

970 1247 1078 1284 pastor
1102 1245 1267 1283 pretiosus,

923 1292 1110 1330 Obsequium
1143 1291 1204 1322 sibi
1229 1299 1361 1331 namque
1384 1291 1469 1330 pium

970 1338 1054 1369 coelo
1078 1337 1236 1368 tribuente

924 1383 1028 1416 Fulsit
1052 1384 1079 1415 ei
1104 1384 1219 1415 virtute
1242 1383 1300 1415 Dei

967 1431 1023 1462 lux
1047 1431 1141 1461 missa
1164 1432 1304 1469 repente.

891 1521 896 1526 .
922 1495 992 1527 Lux
1015 1496 1104 1527 radio
1128 1497 1233 1526 terrae
1256 1495 1382 1536 gremio,

969 1550 1029 1581 qua
1051 1551 1109 1581 per
1133 1544 1164 1572 te
1187 1541 1316 1582 nitebat,

922 1588 1082 1628 Reliquias
1104 1587 1229 1626 pridem
1252 1588 1402 1626 plurimas

968 1635 1097 1666 latuisse
1123 1634 1263 1675 docebat,

922 1681 1063 1719 Namque
1087 1680 1188 1712 sciens
1205 1689 1259 1712 cor
1274 1681 1466 1719 prospiciens

967 1729 1072 1759 votum
1096 1725 1164 1758 fore
1190 1727 1314 1766 dignum

922 1773 992 1806 Hoc
1015 1773 1171 1812 quaerulis
1196 1773 1306 1804 tribuit
1329 1771 1454 1805 famulis

967 1828 1007 1850 ex
1029 1822 1198 1858 grammate
1221 1819 1352 1858 signum,

920 1865 964 1897 Ut
987 1865 1133 1897 foderent
1157 1866 1188 1896 et
1211 1865 1417 1907 perciperent,

968 1911 1051 1951 quod
1073 1914 1138 1943 tam
1164 1911 1339 1953 cupiebant,

919 1957 963 1989 Et
985 1958 1112 1997 paribus
1137 1957 1259 1997 quidem
1283 1959 1429 1997 precibus

966 2004 1107 2043 votisque
1129 2004 1288 2044 petebant.

919 2068 963 2101 Ut
986 2070 1097 2110 patuit,
1122 2070 1209 2102 locus
1233 2070 1346 2103 enituit

965 2125 1036 2148 mox
1063 2117 1172 2156 dignus
1196 2117 1322 2158 honore,

919 2162 1054 2195 Mirifico
1079 2164 1155 2195 satis
1177 2164 1343 2197 immodico

964 2208 1109 2249 perfusus
1133 2211 1238 2251 odore,

926 2256 979 2289 Sol
1004 2257 1096 2289 etiam
1120 2259 1267 2291 torrendo
1293 2260 1373 2292 viam

964 2304 1072 2345 copiae
1094 2304 1233 2345 glacialis
