1656 2491
766 74 926 108 -242
976 91 1017 97 -—

643 168 733 203 Clang
734 169 764 195 at
781 169 879 202 pastor
897 167 929 193 in
947 165 1019 193 tuba
1037 170 1150 196 cornea,

641 205 684 232 Ut
700 205 794 232 libera
811 205 851 230 sit
870 202 975 230 Christi
994 203 1088 235 vinea,

644 242 735 275 Quam
754 241 908 276 assumpsit
927 240 980 267 sub
1000 240 1094 265 carnis
1114 237 1221 271 trabea,

641 278 790 305 Liberavit
809 285 891 304 cruce
909 283 1059 312 purpurea.

642 315 827 342 Adversatrix
846 315 908 342 ovis
928 320 1048 341 erronea

640 353 689 379 Fit
709 353 832 387 pastoris
853 351 939 378 caede
958 351 1124 386 sanguinea,

639 389 809 416 Pavimenta
828 389 933 416 Christi
952 394 1111 414 marmorea

640 425 726 453 Sacro
746 425 863 452 madent
880 433 979 452 eruore
997 432 1089 451 rosea.

641 463 751 497 Mai-tyr
769 463 847 489 vitae
867 461 987 488 donatus
1008 461 1108 488 laurea

639 499 726 526 Velut
743 507 863 535 granum
882 501 1032 533 purgatum
1051 498 1136 533 palea

639 536 674 562 In
692 537 791 563 divina
808 536 977 563 transfertur
996 535 1106 562 horrea.

333 603 367 629 In
388 601 412 629 1.
431 602 513 628 Noct.
532 601 571 627 ist
589 602 619 627 in
638 601 665 627 K
684 599 719 627 A.
737 599 762 628 3.
782 612 819 621 =
839 599 872 627 A.
889 598 921 635 4;
942 598 974 626 A.
993 597 1013 626 4
1032 600 1100 627 aber
1119 599 1222 626 lautet:

515 655 538 682 O
557 657 607 683 lux
625 656 777 690 coelorum,
796 656 876 690 Jesu,
895 664 959 691 spes
980 655 1056 683 alma
1074 656 1221 688 bonorum,

515 693 574 720 'Nos
593 695 657 728 pius
678 693 780 720 exaudi
799 694 907 720 meritis
925 693 1055 720 Thomae
1073 693 1207 725 martyris
1228 693 1332 726 sanoti3

515 730 556 756 Te
575 738 650 757 nune
668 730 825 764 laudantes,
847 731 968 763 orantes,
987 728 1180 764 glorificantes

465 769 499 796 V.
518 767 638 801 Respice
658 767 692 794 de
711 766 798 800 coelo,
819 775 915 794 servos
935 774 1031 794 serves
1050 769 1084 793 ut
1100 767 1133 793 in
1152 773 1261 792 aevum.

334 834 368 861 In
387 832 412 860 2.
432 834 512 860 Noot.
539 833 603 858 sind
629 832 675 859 (118
694 831 750 858 AA.
775 830 791 858 5
811 832 869 859 und
888 830 904 858 6
923 831 1090 867 umgestellt
1108 831 1139 858 111
1158 830 1198 864 A,
1224 838 1284 857 was
1305 831 1374 857 aber
1393 830 1442 856 (181·
1461 828 1529 856 Auf-

262 870 471 905 einanderfoige
490 871 538 897 der
557 868 721 904 Erzfihhmg
740 868 946 896 widerstreitet.

335 926 371 952 In
390 924 414 952 2.
429 925 511 951 Noct.
533 924 603 950 fehlt
625 922 644 949 Β
668 922 681 950 1
701 925 732 950 111
751 923 793 957 Κ·
814 924 895 950 daffli
913 924 985 959 folgt
1004 923 1046 950 als
1069 921 1088 948 R
1108 921 1128 949 4
1141 924 1188 949 ein
1201 923 1392 958 prosaisches3
1413 921 1529 949 Justum

265 963 381 989 deduxit
406 964 456 988 etc.
494 962 528 988 111
553 958 578 988 3.
605 962 685 988 Noct.
710 961 746 987 ad
772 960 845 987 Cant
869 961 945 987 steht
968 960 1076 988 ebentla
1101 960 1147 987 die
1171 958 1193 986 A
1220 959 1256 987 ad
1278 960 1375 995 Magn.
1402 966 1453 985 aus
1480 958 1529 984 (181

262 1001 380 1025 zwsiten
391 999 507 1033 Vesper,
527 998 558 1023 in
577 998 636 1024 die
630 1006 668 1024 81
687 997 733 1024 die
752 996 773 1023 A
792 998 873 1024 Felix
892 997 970 1024 loeus
991 999 1042 1023 eto.
1074 998 1126 1024 Bei
1144 997 1193 1024 (181
1205 999 1293 1032 guten
1306 983 1528 1029 Uheilieferung

265 1036 313 1062 (hs
332 1037 426 1062 Texte
454 1035 555 1062 nehme
574 1034 621 1061 ich
640 1034 733 1061 davon
752 1034 810 1061 Ab.
810 1034 888 1066 rand,
910 1034 956 1061 (118
975 1034 1095 1069 iibiigen
1113 1033 1281 1066 Variantem
1301 1034 1387 1060 meist
1398 1032 1529 1059 881118113-

263 1072 626 1104 fel11e1-,2uf7uf1l1r2n—
648 1071 703 1097 Die
721 1072 855 1106 Hymnen
873 1079 937 1098 zum
958 1069 1088 1099 Officium
1108 1078 1159 1098 aus
1178 1071 1203 1098 A
1223 1053 1303 1098 518118
1322 1069 1461 1096 Analecta
1476 1069 1528 1101 IX,

262 1118 289 1144 1„
309 1107 362 1135 247
384 1116 434 1143 sq„
455 1117 506 1135 aus
525 1108 553 1134 K
572 1109 650 1135 siehe
669 1108 807 1135 Analecta
824 1108 865 1135 IV
867 1129 873 1134 .
893 1116 920 1142 p.
940 1106 1002 1135 245.

622 1224 667 1255 93.
706 1224 747 1254 De
767 1231 789 1253 s.
810 1224 920 1255 ‘rhama
941 1224 1162 1255 cantuarifflisi.

394 1301 435 1333 In
462 1303 491 1334 1.
516 1301 724 1340 Vesperis,

444 1374 487 1401 Ad
505 1373 679 1409 Magnificat.

262 1431 300 1461 A.
325 1431 448 1469 Martyr
471 1431 598 1469 Thoma,

327 1479 444 1514 martyr
467 1476 525 1507 Dei
549 1476 692 1514 pretiose,

326 1523 382 1561 Qui
405 1522 509 1552 lavisti
532 1522 641 1552 stolam
664 1523 748 1552 tuam

324 1568 356 1598 in
381 1568 450 1607 agni
473 1567 532 1598 Dei
558 1574 673 1605 cruore,

326 1614 481 1653 Aiieiuja3
504 1612 636 1644 filiorum

326 1660 365 1690 ad
391 1662 421 1690 te
445 1659 639 1689 clamantium

325 1714 415 1736 voces
439 1706 576 1743 admitte,

326 1751 369 1782 Et
391 1760 465 1790 quos
490 1752 646 1782 honorasti

324 1800 377 1827 tua
400 1800 507 1828 sancta
529 1797 680 1838 passione,

326 1844 449 1881 adjuva

323 1890 377 1927 pia
399 1889 625 1921 intercessione.

386 2008 447 2040 Ad
470 2009 729 2040 Matutinum.

454 2081 663 2109 Invitatorium.

323 2137 445 2168 Summo
470 2138 580 2169 victori
603 2138 734 2170 Domino

321 2184 492 2216 Jubilemus
516 2185 609 2215 corde
631 2184 693 2224 pio,

322 2230 380 2269 Qui
403 2230 551 2263 Thomam
573 2231 668 2263 natali
691 2240 745 2263 suo

323 2276 488 2308 coronavit
512 2278 670 2316 martyrio.

1045 1302 1090 1334 In
1117 1302 1146 1334 1.
1172 1302 1399 1335 Nocturno.

1124 1361 1315 1396 Antiphonae.

930 1414 958 1444 1.
981 1414 1097 1444 Amore
1120 1411 1244 1444 fervens
1270 1413 1374 1444 divino

983 1459 1117 1490 Thomas
1141 1459 1174 1489 in
1198 1458 1355 1498 pontificio

983 1504 1109 1543 Sprevit
1132 1505 1213 1535 viam
1237 1505 1431 1543 peccantium

982 1551 1076 1590 Legis
1100 1550 1160 1582 Dei
1184 1554 1292 1582 tenens
1317 1553 1441 1582 statum.

951 1629 958 1635 .
982 1605 1085 1636 Verbo
1111 1607 1224 1644 potens
1248 1608 1280 1634 et,
1301 1604 1433 1646 actibus,

982 1651 1115 1682 Divinae
1138 1651 1199 1690 legi
1226 1651 1359 1693 deditus,

982 1697 1235 1728 Praevaricantes
1258 1697 1402 1736 increpat

985 1743 1158 1782 Praecepta
1181 1744 1265 1775 vitae
1287 1744 1442 1777 intonans,

951 1822 957 1828 .
983 1798 1043 1829 Dei
1066 1802 1252 1837 praeventus
1276 1800 1377 1837 gratia

982 1845 1125 1876 Oet-,uitat
1147 1845 1231 1876 vitae
1253 1846 1375 1884 merita,

981 1890 1114 1922 Thomas
1138 1891 1264 1922 indutus
1290 1892 1429 1924 clanculo

984 1936 1113 1969 cuculla
1137 1945 1206 1968 cum
1230 1937 1340 1971 cilicio.

1119 2000 1320 2036 Responsoria.

949 2070 955 2077 .
982 2047 1092 2078 sacrat
1114 2047 1248 2080 Thomas
1272 2050 1445 2088 primordia

979 2093 1180 2125 Praesuiatus
1206 2104 1274 2126 cum
1298 2096 1408 2135 gratia,

982 2139 1111 2171 Carnem
1136 2141 1211 2172 terit
1235 2142 1336 2174 cilicio

980 2185 1173 2218 Destinatam
1197 2190 1357 2228 martyrio,

984 2232 1057 2263 Vita
1080 2236 1111 2264 et
1132 2237 1220 2265 veste
1242 2237 1410 2268 monachus

982 2278 1087 2311 Mores
1110 2279 1258 2314 informat
1282 2283 1388 2315 artius
