1656 2491
755 105 983 139 *18—

264 229 271 236 .
294 204 435 235 Pretiosa
459 205 633 234 sanctorum
656 200 768 239 passio,

296 248 367 280 Non
385 248 531 280 difformis
557 246 671 278 Christi
686 243 831 281 ludibrio,

341 295 437 333 Quam
461 302 542 324 mors
567 292 728 323 examinat.

264 374 271 382 .
295 349 425 380 Florens
439 348 545 379 hortus
561 344 667 376 matris
685 343 835 374 ecclesiae

296 394 469 425 Decoratur
491 392 569 423 rosis
592 388 782 430 rubentibus,

295 440 374 477 Quas
395 448 414 469 a
429 438 511 468 valle
534 436 673 468 Christus
691 434 834 465 miseriae

294 482 483 514 Rubicundis
506 481 609 518 junxit
633 478 831 519 martyribus,

293 528 383 559 Felix
406 534 500 564 genus
524 528 630 557 tantae
650 525 790 558 militiae.

258 597 266 605 .
292 572 432 604 Gloriosa
455 572 559 610 palma
581 571 729 602 victoriae

293 617 398 650 Sancti
405 616 517 648 florent
524 617 644 648 nuncin
649 616 831 648 sublimibus

292 663 502 702 Triumphatis
528 663 623 693 hostis
648 661 830 702 agminibus,

261 744 267 750 .
294 718 409 749 Summi
434 717 520 748 ducis
545 717 698 749 exercitus

295 763 436 794 Summae
458 762 581 793 virtutis
606 763 728 793 inclitus

295 808 451 847 Angelicis
475 808 607 839 oraculis

339 854 392 885 Ad
414 862 547 893 pugnam
572 854 709 888 docetur,

295 899 376 931 Fide
398 899 520 930 sincera
540 898 701 937 praeditus

292 945 411 984 Regum
433 954 495 976 non
517 947 611 983 pavet
635 944 778 982 crepitus,

295 990 408 1029 Fulget
430 990 463 1021 in
486 990 643 1021 miraculis

263 1062 269 1069 .
293 1036 450 1075 Alligatur
474 1035 602 1066 vinculis

298 1081 437 1112 Tandem
459 1081 493 1112 in
515 1080 696 1120 propatulis

344 1127 389 1159 Ut
411 1126 477 1157 vita
499 1126 647 1165 privetur.

265 1205 272 1212 .
298 1180 425 1212 Sanctos
449 1180 505 1211 sub
530 1183 612 1211 serto
636 1180 742 1218 spineo

348 1226 478 1257 Deridet
500 1226 589 1265 plebs
612 1226 768 1264 nequitiae

297 1271 380 1302 Fuso
405 1279 514 1303 cruore
536 1280 625 1302 roseo

343 1317 434 1349 Cruci
460 1318 594 1349 clavatos
619 1316 718 1349 anxie.

296 1362 489 1402 Regnaturos
514 1364 604 1395 decet
626 1362 777 1401 angustia,

298 1408 344 1440 Ut
367 1416 497 1439 coronae
522 1408 611 1439 docet,
632 1408 771 1439 materia.

266 1479 275 1486 ,
298 1452 348 1484 De
370 1456 508 1484 torrente
529 1454 640 1484 bibunt
660 1454 813 1492 miseriae,

300 1498 381 1537 Quos
394 1500 510 1530 exaltat
522 1502 624 1538 caput,
641 1507 698 1530 rex
710 1499 837 1539 gloriae.

361 1571 407 1603 In
432 1574 462 1605 3.
487 1572 710 1606 Nocturno.

444 1626 488 1652 Ad
508 1626 632 1654 Cantica.

268 1693 275 1702 .
301 1667 325 1700 Ο
351 1668 449 1698 dulcis
473 1667 651 1700 fraternitas

345 1714 456 1745 Mundi
482 1715 605 1745 vincens
630 1714 768 1755 crimina,

303 1760 326 1792 O
352 1757 428 1790 felix
451 1760 594 1791 alacritas

349 1804 434 1836 Coeli
456 1809 564 1844 petens
590 1806 731 1847 culmina,

303 1851 414 1884 Coetus
438 1852 615 1890 pretiositas

348 1896 446 1927 Deum
471 1899 580 1928 temnit
602 1898 735 1936 numina,

350 1942 400 1973 Sic
423 1943 571 1973 virtutum
593 1945 732 1982 germina

301 1986 366 2018 Dat
387 1988 519 2019 militum
541 1990 700 2022 sanctitas.

435 2042 636 2077 Responsoria.

270 2107 277 2114 .
302 2083 414 2114 Mortis
438 2087 593 2123 sceptrum
618 2086 803 2127 comminuit,

303 2128 408 2160 Morte
432 2130 530 2160 crucis
556 2131 626 2162 dum
649 2130 753 2163 floruit

349 2174 529 2207 Sanctorum
552 2178 755 2218 congregatio,

305 2220 435 2252 Carnem
457 2230 515 2260 pro
539 2221 602 2254 fide
624 2225 769 2257 terminat

302 2267 405 2305 Plebs,
422 2276 513 2307 quam
526 2269 665 2301 Christus
677 2271 839 2313 illuminat,

350 2314 465 2353 Fortis,
489 2317 599 2354 potens
622 2316 656 2347 in
677 2318 806 2356 proelio,

891 197 928 229 V.

887 679 925 711 V.

891 1208 929 1241 V.

901 1365 933 1396 4.

896 2227 936 2260 A.

953 195 1026 227 Non
1047 194 1146 225 altera
1164 192 1319 231 passione,

1003 239 1100 278 Quam
1123 247 1184 277 qua
1206 236 1298 268 floret
1315 236 1504 275 redemptio,

955 285 1017 317 Sed
1042 286 1175 316 humana
1198 283 1335 315 laesione

1004 330 1112 362 Crucis
1136 329 1236 369 fulget
1260 328 1363 360 exitio.

954 394 1030 427 Flos
1056 395 1167 436 campi,
1193 393 1379 425 convallium

957 441 1120 481 Singulare
1141 440 1251 477 lilium,

1002 486 1143 519 Christus
1165 494 1233 525 rex,
1259 486 1322 517 dux
1340 484 1487 523 militum,

955 533 1079 564 Turbae
1104 532 1210 563 decem
1234 531 1352 562 milium

955 579 992 609 In
1013 578 1130 609 virtute
1153 576 1281 608 fortium

998 624 1133 657 Fructus
1157 623 1264 655 reddit
1287 622 1444 654 meritum.

950 680 1013 711 Per
1038 682 1193 710 certamen
1216 679 1358 709 inclitum

953 724 1018 755 Dat
1040 733 1097 762 pro
1122 724 1205 755 lucto
1230 723 1376 762 gaudium

953 770 991 801 In
1015 770 1091 800 sede
1113 769 1305 801 laetantium.

953 833 1068 873 Fulget
1092 834 1169 864 coeli
1192 832 1294 864 medio

1002 880 1116 912 Concio
1140 879 1268 911 millena

955 924 1075 957 Illustri
1098 925 1249 964 martyrio

1000 970 1175 1009 Degustans
1199 978 1337 1008 amoena,

956 1016 1053 1054 Quam
1076 1016 1137 1047 Dei
1160 1015 1267 1047 fruitio

1002 1062 1108 1093 Pascit
1129 1071 1212 1094 nunc
1235 1070 1355 1099 serena,

955 1109 1091 1146 Quorum
1115 1106 1192 1139 felix
1215 1107 1319 1147 passio

1001 1153 1120 1185 Laudis
1147 1152 1207 1184 fuit
1230 1154 1332 1192 plena.

954 1207 1020 1239 Nos
1043 1208 1151 1239 horum
1173 1207 1318 1247 suffragio

957 1253 1074 1285 Christi
1096 1256 1183 1294 regat
1207 1253 1322 1293 unctio,

1000 1299 1051 1331 Ne
1074 1298 1221 1340 frangant
1243 1303 1379 1332 terrena.

957 1363 1068 1395 Almae
1092 1364 1191 1395 crucis

1003 1410 1110 1440 stratis
1131 1409 1272 1449 patibulo

961 1454 1101 1486 Christus
1124 1455 1224 1494 adest,

1004 1509 1138 1532 summus
1162 1509 1219 1532 rex
1242 1502 1370 1541 gloriae,

962 1547 1020 1584 Qui
1045 1546 1084 1577 de
1108 1548 1209 1578 carnis

1004 1593 1095 1630 hujus
1120 1594 1274 1632 ergastulo

960 1639 1090 1670 sanctos
1111 1638 1196 1670 locat

1004 1685 1037 1714 in
1062 1684 1141 1715 coeli
1164 1686 1280 1724 requie‚

961 1730 1096 1767 Quorum
1118 1739 1229 1770 preces

1007 1776 1135 1808 exaudit
1158 1776 1266 1809 sedulo

961 1821 1022 1853 Pro
1048 1823 1168 1855 devotis

1007 1866 1092 1900 fusas
1116 1869 1265 1909 quotidie,

927 1958 934 1965 .
958 1932 1004 1964 Ut
1029 1932 1170 1964 laxemur
1193 1944 1212 1965 a
1238 1935 1348 1975 culpae
1370 1936 1506 1980 vincum,

959 1977 1157 2011 Delectemur
1181 1984 1360 2013 sanctorum
1382 1983 1475 2014 titulo

959 2024 1142 2057 Meritorum
1169 2026 1297 2058 obtentu
1321 2028 1450 2066 gratiae.

1069 2118 1129 2149 Ad
1152 2117 1327 2154 Laudes.

1077 2180 1168 2217 Super
1185 2183 1327 2211 Psalmos.

963 2226 1082 2267 Gaude,
1107 2232 1208 2262 mater
1233 2231 1374 2273 eeclesia,

963 2274 1054 2307 Nunc
1076 2276 1136 2308 tibi
1161 2278 1242 2309 dena
1263 2278 1352 2311 milia

1010 2321 1108 2354 Sacra
1129 2324 1295 2367 sociantur,
