1656 2491
745 63 997 98 —144—

363 161 410 192 In
436 160 467 192 3.
491 160 712 191 Nocturno.

444 222 634 258 Antiphonae.

248 277 278 310 1.
302 275 390 307 Haec
411 275 494 305 inter
518 272 649 304 Romam

349 319 500 360 pergendi
522 326 633 356 magna
656 318 797 348 voluntas

395 364 521 396 Accidit
541 363 599 400 illi,

304 411 348 443 Ut
370 411 448 449 loca,
474 417 551 448 quae
576 410 694 440 cineres

351 456 438 487 Petri
461 454 611 493 Paulique
633 453 789 495 tegebant,

395 501 518 532 Viseret
542 508 642 531 orans.

247 559 277 589 2.
302 556 436 594 Excepit
459 555 595 593 gaudens

350 600 434 632 fama
457 601 606 631 volitante
629 603 793 638 patronum

392 647 619 678 Advenientem

301 693 387 731 Papa
410 692 542 730 Vigilius
565 692 657 730 hunc,

347 738 449 777 vigilis
473 746 563 776 quem
578 738 702 769 nomine
719 737 844 776 dignum

393 784 466 814 Vita
491 783 630 814 docebat,

249 840 280 872 3.
305 838 439 877 Expleto
463 840 534 869 voto

347 883 513 921 triduoque
535 885 671 914 moratus
694 883 811 914 ibidem

396 930 472 961 Cum
495 930 585 967 patre
607 937 733 969 summo,

302 974 351 1005 Ne
376 975 506 1005 comissa
528 974 589 1005 sibi

348 1020 437 1059 plebs
464 1019 602 1051 desolata
624 1020 771 1058 magistro

395 1065 465 1096 Vim
486 1068 646 1103 pateretur

305 1110 413 1142 Hostis
437 1111 590 1149 perdocti,

353 1156 496 1194 reditum,
531 1159 653 1187 tueatur
677 1158 712 1187 ut
734 1156 843 1194 ipsam,

397 1202 501 1233 Poscit
524 1201 563 1233 ab
587 1202 653 1234 illo.

442 1273 643 1306 Responsoria.

249 1325 279 1357 1.
306 1324 447 1355 Summus
470 1325 511 1355 ad
534 1325 612 1355 haec
633 1326 759 1362 praesul

351 1369 490 1401 Firmino
517 1370 598 1401 dicta
621 1370 712 1402 beato

399 1415 495 1446 Sacra
513 1416 653 1453 paravit:

307 1461 358 1491 Ad
381 1460 514 1498 patriam
538 1460 662 1499 regredi

354 1505 547 1537 concedimus
579 1509 671 1545 atque
692 1507 844 1548 jubemuS‚

399 1551 512 1582 Sancte
535 1551 691 1594 sacerdos,

305 1597 361 1628 Jus
387 1599 418 1627 et
441 1597 643 1636 apostolicum

350 1643 482 1674 Romani
505 1643 596 1673 laude
620 1646 754 1683 senam,

395 1688 616 1727 Ecclesiaeque

305 1733 454 1765 Gentibus
479 1734 616 1765 occiduis

349 1783 456 1811 nostra
479 1780 547 1811 vice
569 1778 783 1818 praeficientes

397 1826 666 1865 Praesulibusque,

241 1872 277 1902 V.
303 1871 489 1913 Agricolam,
516 1872 624 1903 messis

349 1917 474 1948 Domini
484 1926 604 1957 quoque
611 1917 845 1957 multiplicetur,

397 1963 549 2003 Eligimus
577 1966 618 1994 te.

247 2018 279 2049 2.
303 2017 494 2055 Apostolicis
520 2018 698 2057 praeceptis

302 2062 493 2094 Exhortatus
517 2065 567 2094 vir
589 2063 718 2103 insignis

303 2109 424 2141 Urbem
447 2109 531 2140 redit
553 2109 726 2150 Ambianis,

303 2154 367 2187 Ubi
390 2155 500 2193 plenus
525 2157 698 2188 sanctitatis

304 2201 382 2232 Post
406 2201 484 2233 haec
509 2202 587 2234 vixit
609 2203 714 2234 multis
738 2203 844 2242 annis;

304 2246 415 2287 Sicque
440 2248 540 2280 clarus
566 2249 657 2280 claris
682 2250 776 2290 signis

968 155 1076 187 Carnis
1101 153 1220 185 viribus
1245 153 1377 192 abjectis

969 201 1054 232 Coeli
1074 200 1216 240 ,iungitur
1241 199 1383 231 catervis

903 247 937 279 V.
963 246 1117 279 Reddidit
1141 246 1273 277 caecatis
1298 245 1411 283 visum,

967 292 1093 324 Claudis
1118 300 1266 331 gressum,

965 338 1136 377 Liberavit,
1162 346 1238 376 quos
1262 335 1395 368 vexabat

965 384 1020 415 Vis
1044 385 1152 423 iniqua
1174 384 1365 414 daemonum.

908 441 939 472 3.
966 440 1067 471 Adest,
1092 439 1157 470 dies
1182 438 1317 478 gloriosa

964 485 1135 517 Annuatim
1159 484 1334 518 recolenda,

965 531 1033 568 Qua
1055 529 1214 561 confessor
1237 529 1435 560 venerandus

965 575 1095 607 Carnem
1120 575 1247 614 reliquit,
1269 574 1438 612 Firminus,

966 622 1013 654 Ut
1034 624 1108 661 post
1131 622 1233 652 carnis
1257 621 1342 651 vitae
1362 621 1487 659 lapsum

964 667 1031 699 Deo
1055 668 1141 698 vivat
1163 667 1196 698 in
1221 669 1391 698 aeternum.

898 713 937 745 V.
961 712 1006 745 In
1030 714 1095 753 Zeye
1117 712 1255 744 Domini
1278 711 1341 751 fuit
1362 710 1513 743 voluntas

967 758 1034 797 ejus
1059 759 1110 790 <lie
1134 768 1172 790 ccc
1194 761 1292 790 nocte.

1053 859 1097 891 In
1122 858 1345 891 LaudibuS.

1108 926 1300 960 Antiphonae.

910 984 940 1015 1.
967 983 1097 1015 Sanctus
1120 982 1279 1013 Firminus

1012 1028 1195 1060 coelestibus
1219 1027 1394 1058 adsociatus

966 1074 1067 1113 Signis
1091 1072 1240 1113 mirificis,

1012 1122 1143 1158 quantus
1168 1123 1244 1158 erat,
1274 1119 1388 1152 docuit.

910 1176 940 1207 2.
966 1174 1019 1205 Ad
1044 1174 1130 1212 cujus
1154 1177 1294 1204 sanctum

1010 1219 1188 1258 languentia
1227 1220 1367 1250 membra
1406 1220 1513 1258 sepul*

1288 1266 1395 1297 chrum

968 1311 1059 1343 Vires
1082 1312 1223 1350 antiquas

1014 1356 1142 1388 coelitus
1165 1357 1331 1396 recipiunt.

910 1413 941 1444 3.
967 1411 1113 1444 Creditur
1136 1412 1283 1443 aetherea

1013 1459 1121 1495 pastor
1145 1457 1302 1489 Firminus
1326 1457 1359 1488 in
1383 1458 1455 1488 aula

965 1502 1157 1534 Subveniens
1181 1504 1303 1534 miseris

1010 1547 1125 1580 talibus
1150 1549 1284 1580 indiciiS.

909 1604 940 1635 4.
966 1603 1024 1641 Sit,
1048 1603 1212 1635 benedicte
1235 1603 1330 1646 Deus,

1010 1649 1069 1680 tibi
1091 1649 1199 1688 gloria,
1227 1659 1315 1689 quem
1342 1649 1512 1693 benedicit,

965 1694 1108 1734 Quisquis
1133 1698 1309 1727 sanctorum

1011 1739 1093 1772 festa
1115 1742 1168 1780 pie
1191 1742 1312 1776 recolit.

909 1796 939 1828 5.
965 1795 1139 1827 Laudemus
1163 1796 1330 1828 Dominum

1009 1842 1516 1884 moderantemsceptrapolorum⁷

964 1888 1025 1919 Per
1049 1897 1138 1928 quem
1162 1888 1320 1921 Firminus

1012 1933 1172 1966 confessor
1195 1935 1396 1975 glorificatur.

1034 2035 1080 2066 In
1106 2038 1137 2069 2.
1162 2036 1373 2076 Vesperis.

1086 2102 1132 2130 Ad
1149 2103 1327 2138 Magnifieat.

900 2158 939 2190 A.
964 2159 1043 2198 Ave,
1068 2163 1177 2199 pastor
1200 2161 1344 2204 gloriose,

967 2206 1045 2245 Ave,
1073 2205 1232 2238 confessor
1254 2207 1373 2247 inclite,

966 2251 1105 2284 Firmine
1128 2254 1177 2285 vir
1201 2255 1405 2288 sanctissime,
