1679 2491
747 76 978 111 „71—

229 169 261 201 2.
285 168 324 199 ln
347 168 465 200 virtute
487 174 543 201 tua

333 222 367 245 se
391 216 474 246 rexit
496 224 613 255 rexque
634 220 772 257 vocatur,

291 260 358 299 Qui,
383 261 480 302 Deus,
506 263 633 294 assidua

334 314 429 345 prece
452 316 508 339 nos
534 312 624 348 regat
644 318 682 340 ac
700 312 834 342 tueatur.

257 386 265 394 .
289 361 352 393 Hic
374 362 517 394 manibus
540 364 673 395 mundus

338 410 369 439 et
391 409 507 440 mundo
532 410 627 441 corde
648 410 803 449 ,iucundus

289 455 327 486 In
351 457 488 486 montem
511 455 662 497 ascendit,

336 500 425 532 nobis
449 510 506 533 sua
531 502 613 533 dona
637 502 792 541 rependit.

429 574 633 608 Responsoria.

258 643 266 651 .
293 619 459 652 Confessor
480 620 606 652 Domini

339 666 433 697 claris
457 666 612 698 natalibus
638 670 732 704 ortus,

293 711 386 750 Cujus
409 720 509 743 sermo
535 712 643 751 bonus,

337 757 435 788 bonus
460 760 556 798 actus,
582 766 662 796 pura
684 758 837 797 voluntas,

293 803 424 834 Assidui
447 812 548 834 mores

338 849 500 888 signantur
523 849 709 889 nobiliores;

256 920 263 926 .
289 894 373 926 Hinc
398 895 567 926 claustrum
591 895 692 937 petiit,

337 941 486 972 mundum
511 949 579 972 cuni
602 940 681 972 flore
702 941 836 980 reliquit.

260 1023 266 1029 .
293 996 317 1028 O
343 994 419 1027 felix
443 999 561 1035 pastor,

337 1050 444 1073 servos
469 1042 543 1073 audi
568 1041 752 1073 famulantes

292 1088 388 1127 Erige
410 1088 527 1128 lapsos,
553 1088 673 1127 corrige
696 1097 820 1129 pravos,

339 1134 438 1173 dirige
459 1134 570 1174 justos,

261 1207 268 1214 .
294 1180 404 1212 Omnia
428 1180 512 1219 pelle
534 1181 626 1221 mala,

340 1228 450 1257 cuncta
473 1234 604 1267 precare
625 1225 716 1257 bona.

238 1283 255 1308 Ρ
262 1306 269 1312 .
294 1281 407 1312 Inclite
429 1281 615 1322 Bertrande,

340 1327 423 1357 vitae
446 1327 565 1357 meritis
589 1326 775 1365 venerande,

293 1373 403 1404 Mente
427 1372 495 1403 Deo
520 1381 609 1403 carus

339 1421 370 1449 et
392 1418 507 1449 mundo
531 1418 681 1457 sanguine
705 1418 818 1459 clarus,

292 1464 386 1497 Plebs
409 1464 469 1495 tibi
494 1464 607 1495 devota

339 1520 395 1542 sua
418 1510 512 1549 gestit
535 1518 679 1549 promere
701 1512 783 1549 vota,

227 1557 265 1588 V.
292 1557 354 1588 Pro
380 1557 466 1595 eujus
490 1556 583 1587 venia

338 1606 373 1634 tu
395 1611 489 1642 prece
512 1611 608 1642 posce
630 1602 692 1641 pia.

379 1697 394 1728 I
404 1705 425 1727 n
448 1696 476 1727 L
485 1705 504 1727 a
513 1705 534 1726 u
546 1695 615 1727 dib
625 1704 644 1726 u
653 1704 677 1725 s.

437 1750 629 1785 Antiphonae.

233 1807 263 1839 1.
289 1806 445 1847 Regnavit
467 1806 630 1845 Dominus,

336 1860 459 1891 semper
483 1852 627 1891 regnabit
649 1852 681 1882 in
707 1860 826 1893 aevum,

957 172 1014 211 Qui
1037 178 1168 211 regnare
1191 168 1269 201 facit

1002 220 1141 250 sanctum
1166 216 1281 247 virtute
1306 216 1459 249 decorum.

925 317 932 324 .
958 291 1064 323 Omnis
1088 294 1173 321 terra
1197 290 1263 321 Deo

1000 337 1122 377 jubilet,
1148 335 1200 375 qui
1225 338 1335 367 cuncta
1359 335 1484 374 creavit,

958 383 1089 415 Lumine
1112 382 1234 414 sidereo

1004 429 1056 468 qui
1080 431 1219 460 sanctum
1242 426 1435 466 glorificavit.

926 527 934 535 .
958 502 1011 533 Ad
1035 505 1067 533 te
1092 503 1131 533 de
1154 501 1223 532 luce

1005 548 1121 587 vigilat,
1134 547 1229 586 Deus,
1243 548 1294 578 hic
1305 546 1368 578 fide
1382 547 1501 587 dignus,

962 594 1026 632 Quo
1050 595 1165 633 largire
1190 594 1268 625 duce

1005 640 1094 671 nobis
1119 641 1245 671 aeterna
1268 639 1428 678 benignus.

926 735 933 741 .
963 712 1124 744 Coelorum
1150 712 1282 743 Domino

1005 757 1190 799 benedicite,
1217 758 1332 789 coelica
1357 761 1476 796 cuncta,

962 803 1148 835 Cunctorum
1171 803 1314 842 Domino,

1005 849 1182 881 benedicite
1210 851 1314 880 cetera
1338 852 1457 880 cuncta.
1487 852 1490 855 '

926 949 933 956 .
961 922 1047 955 Coeli
1071 922 1225 954 coelorum

1006 969 1136 999 laudent
1158 970 1189 998 et
1212 968 1311 998 virtus
1337 976 1439 998 eorum

962 1014 1108 1046 Sanctum
1132 1016 1308 1045 sanctorum

1008 1061 1172 1092 donantem
1197 1068 1293 1099 regna
1316 1059 1467 1097 polorum.

1080 1160 1124 1186 Ad
1144 1159 1312 1186 Benedictus

927 1250 933 1257 .
961 1226 1059 1257 Israel
1084 1230 1131 1257 est
1156 1225 1256 1256 dietus

1006 1271 1091 1303 Deus
1109 1274 1140 1302 et
1149 1270 1299 1301 Dominus
1311 1271 1503 1310 benedictus,

963 1315 1023 1356 Qui
1047 1318 1147 1356 primo
1172 1315 1256 1358 fecit,

1007 1366 1080 1402 post
1101 1371 1157 1394 nos
1174 1363 1355 1394 redimendo
1372 1361 1502 1402 refecit3

960 1409 1129 1440 Bertrandi
1153 1409 1272 1439 meritis

1008 1455 1061 1486 det
1084 1454 1173 1486 nobis
1199 1455 1280 1486 dona
1303 1455 1422 1488 salutis,

1027 1584 1070 1615 In
1096 1585 1127 1616 2.
1153 1584 1364 1623 Vesperis.

1080 1648 1125 1674 Ad
1144 1647 1318 1683 Magnificat.

929 1738 934 1745 .
962 1713 985 1745 O
1010 1714 1071 1755 pie,
1098 1721 1153 1745 nos
1178 1721 1278 1752 serva,

1007 1760 1057 1790 oui
1081 1759 1188 1798 psallit
1209 1759 1317 1797 Juncta
1343 1763 1476 1800 caterva,

959 1806 1074 1837 Hostes
1099 1813 1222 1843 enerva‚

1007 1860 1063 1882 nos
1080 1853 1209 1890 protege
1225 1859 1342 1890 nosque
1357 1851 1505 1890 guberna.

297 1915 380 1942 Brev.
406 1923 459 1942 ms.
485 1915 659 1942 Tolosanum
688 1922 761 1941 saec.
787 1913 829 1941 14.
865 1914 931 1941 Cod.
951 1915 1086 1942 Tolosan.
1109 1912 1153 1941 74.
1173 1914 1208 1941 A.
1227 1929 1263 1933 —
1283 1914 1366 1941 Brev.
1385 1914 1505 1942 Tolosa-

221 1961 291 1980 num
310 1953 379 1988 imp.
399 1953 522 1979 Parisiis
545 1949 623 1979 1553„
645 1952 677 1978 B.

295 1990 341 2017 Ad
359 1990 462 2016 Matut.
482 1990 570 2016 Iuvit.
597 1986 615 2016 3
641 1997 682 2023 sq.
702 1988 759 2015 Pro
783 1991 899 2022 pastore
923 1996 1038 2023 gregem
1058 1990 1189 2017 reuotans
1208 1989 1242 2017 A.
1263 2003 1299 2008 —
1319 1989 1354 2016 In
1376 1987 1399 2015 1.
1419 1989 1502 2016 Noct.

220 2025 244 2054 Α
264 2025 295 2062 3,
321 2025 341 2054 4
359 2030 427 2054 tuus
446 2028 511 2061 ipse
528 2028 595 2053 tuus
615 2026 649 2052 A.
670 2042 706 2045 —
726 2025 762 2052 In
781 2023 807 2052 2.
827 2026 910 2052 Noet.
930 2024 953 2051 Α
972 2021 1004 2059 2,
1031 2024 1048 2052 2
1068 2028 1146 2062 tegat
1164 2027 1197 2053 A.
1220 2041 1255 2045 —-
1275 2027 1310 2054 In
1330 2024 1356 2055 3.
1377 2026 1460 2054 Noct.
1481 2025 1501 2051 R

221 2063 246 2099 2,
270 2062 287 2092 3
310 2065 407 2100 lapsos
429 2065 541 2099 corrige
559 2063 631 2091 fehlt
649 2064 682 2090 A.

295 2103 321 2129 A
347 2101 399 2129 hat
422 2110 475 2128 vor
497 2101 552 2128 den
571 2100 735 2128 Lektionen
761 2100 811 2127 der
831 2102 925 2127 ersten
943 2101 1072 2128 Nocturn
1090 2101 1236 2136 folgendes
1257 2103 1286 2129 in
1305 2101 1407 2128 rubro:
1441 2102 1504 2135 „In-

220 2140 292 2175 cipit
304 2141 368 2166 vita
380 2140 473 2166 sancti
485 2138 638 2166 Bertrandi
654 2138 781 2172 episcopi
797 2137 833 2164 ad
846 2138 1014 2164 instantiam
1027 2139 1153 2175 Dompni
1165 2139 1185 2166 J
1186 2140 1283 2172 aeinti,
1304 2141 1505 2166 sacrosanctae

218 2177 369 2204 Romanae
389 2176 529 2203 ecclesiae
548 2176 663 2202 diaconi
679 2174 850 2208 Cardinalis,
872 2176 900 2201 et
917 2175 1083 2203 mandatum
1095 2177 1222 2211 Dompni
1234 2177 1391 2211 Guillelmi,
1412 2176 1504 2203 archi-

219 2215 347 2249 episcopi
369 2215 523 2248 Auxitani⁷
552 2214 666 2248 nepotis
694 2212 819 2247 ejusdem
846 2213 952 2246 sancti,
980 2213 1057 2240 edita
1079 2216 1206 2248 tempore
1229 2213 1327 2241 Sancti
1347 2214 1504 2241 Alexandri

219 2259 312 2287 papae
336 2259 354 2278 a
378 2253 516 2287 magistro
536 2251 648 2285 Vstale,
674 2251 787 2277 notario
809 2250 985 2284 apostolicae
1004 2251 1093 2284 sedis,
1122 2252 1172 2286 qui
1191 2251 1226 2279 de
1245 2253 1397 2286 provincia
1416 2251 1504 2279 Auxi-

218 2291 289 2315 tana
316 2289 455 2316 oriundus
480 2289 549 2322 fuit3
574 2290 664 2315 vitam
692 2290 721 2314 et
746 2288 885 2315 miracula
910 2288 987 2315 beati
1014 2289 1185 2316 confessoris
1213 2298 1247 2316 ex
1274 2289 1415 2317 relatione
1434 2289 1505 2317 dicti
