<?xml version="1.0" encoding="UTF-8"?>
<!DOCTYPE html PUBLIC "-//W3C//DTD XHTML 1.0 Transitional//EN"
    "http://www.w3.org/TR/xhtml1/DTD/xhtml1-transitional.dtd">
<html xmlns="http://www.w3.org/1999/xhtml" xml:lang="en" lang="en">
 <head>
  <title>
</title>
<meta http-equiv="Content-Type" content="text/html;charset=utf-8" />
  <meta name='ocr-system' content='tesseract 3.04.00' />
  <meta name='ocr-capabilities' content='ocr_page ocr_carea ocr_par ocr_line ocrx_word'/>
</head>
<body>
  <div class='ocr_page' id='page_1' title='image "./analectahymnica13drevuoft_00172.png"; bbox 0 0 1679 2491; ppageno 0'>
   <div class='ocr_carea' id='block_1_1' title="bbox 693 79 946 114">
    <p class='ocr_par' dir='ltr' id='par_1_1' title="bbox 693 79 946 114">
     <span class='ocr_line' id='line_1_1' title="bbox 693 79 946 114; baseline -0.004 0"><span class='ocrx_word' id='word_1_1' title='bbox 693 79 946 114; x_wconf 78' lang='lat'>—169—</span> 
     </span>
    </p>
   </div>
   <div class='ocr_carea' id='block_1_2' title="bbox 192 169 619 211">
    <p class='ocr_par' dir='ltr' id='par_1_2' title="bbox 192 169 619 211">
     <span class='ocr_line' id='line_1_2' title="bbox 192 169 619 211; baseline 0.007 -10"><span class='ocrx_word' id='word_1_2' title='bbox 192 170 223 201; x_wconf 78' lang='lat'>3.</span> <span class='ocrx_word' id='word_1_3' title='bbox 250 169 321 201; x_wconf 79' lang='lat' dir='ltr'>Jam</span> <span class='ocrx_word' id='word_1_4' title='bbox 342 171 464 208; x_wconf 83' lang='lat' dir='ltr'>superis</span> <span class='ocrx_word' id='word_1_5' title='bbox 485 173 619 211; x_wconf 64' lang='lat' dir='ltr'>juncum,</span> 
     </span>
    </p>
   </div>
   <div class='ocr_carea' id='block_1_3' title="bbox 292 216 794 255">
    <p class='ocr_par' dir='ltr' id='par_1_3' title="bbox 292 216 794 255">
     <span class='ocr_line' id='line_1_3' title="bbox 292 216 794 255; baseline 0.01 -9"><span class='ocrx_word' id='word_1_6' title='bbox 292 216 356 254; x_wconf 77' lang='lat' dir='ltr'>J&#39;am</span> <span class='ocrx_word' id='word_1_7' title='bbox 375 225 452 255; x_wconf 83' lang='lat' dir='ltr'>prae</span> <span class='ocrx_word' id='word_1_8' title='bbox 470 219 663 250; x_wconf 83' lang='lat' dir='ltr'><strong>consortibus</strong></span> <span class='ocrx_word' id='word_1_9' title='bbox 683 222 794 252; x_wconf 86' lang='lat' dir='ltr'>unctus</span> 
     </span>
    </p>
   </div>
   <div class='ocr_carea' id='block_1_4' title="bbox 182 262 767 534">
    <p class='ocr_par' dir='ltr' id='par_1_4' title="bbox 182 262 767 534">
     <span class='ocr_line' id='line_1_4' title="bbox 250 262 582 296; baseline 0.009 -3"><span class='ocrx_word' id='word_1_10' title='bbox 250 262 378 293; x_wconf 79' lang='lat' dir='ltr'>Transit</span> <span class='ocrx_word' id='word_1_11' title='bbox 404 264 582 296; x_wconf 81' lang='lat' dir='ltr'>Honoratus</span> 
     </span>
     <span class='ocr_line' id='line_1_5' title="bbox 295 308 712 350; baseline 0.012 -12"><span class='ocrx_word' id='word_1_12' title='bbox 295 308 334 339; x_wconf 88' lang='lat' dir='ltr'>de</span> <span class='ocrx_word' id='word_1_13' title='bbox 358 309 491 341; x_wconf 83' lang='lat' dir='ltr'>culmine</span> <span class='ocrx_word' id='word_1_14' title='bbox 514 310 712 350; x_wconf 84' lang='lat' dir='ltr'>pontificatus</span> 
     </span>
     <span class='ocr_line' id='line_1_6' title="bbox 247 354 562 395; baseline 0.006 -10"><span class='ocrx_word' id='word_1_15' title='bbox 247 354 300 386; x_wconf 86' lang='lat' dir='ltr'>Ad</span> <span class='ocrx_word' id='word_1_16' title='bbox 325 363 454 395; x_wconf 85' lang='lat' dir='ltr'>superos</span> <span class='ocrx_word' id='word_1_17' title='bbox 480 357 562 389; x_wconf 87' lang='lat' dir='ltr'>cives</span> 
     </span>
     <span class='ocr_line' id='line_1_7' title="bbox 295 399 748 443; baseline 0.007 -11"><span class='ocrx_word' id='word_1_18' title='bbox 295 399 398 432; x_wconf 80' lang='lat' dir='ltr'>factus</span> <span class='ocrx_word' id='word_1_19' title='bbox 425 403 463 434; x_wconf 80' lang='lat' dir='ltr'>de</span> <span class='ocrx_word' id='word_1_20' title='bbox 486 411 626 442; x_wconf 81' lang='lat' dir='ltr'>paupere</span> <span class='ocrx_word' id='word_1_21' title='bbox 652 403 748 443; x_wconf 83' lang='lat' dir='ltr'>dives,</span> 
     </span>
     <span class='ocr_line' id='line_1_8' title="bbox 182 447 564 487; baseline 0.005 -10"><span class='ocrx_word' id='word_1_22' title='bbox 182 447 217 479; x_wconf 82' lang='lat' dir='ltr'>V.</span> <span class='ocrx_word' id='word_1_23' title='bbox 243 447 292 478; x_wconf 91' lang='lat' dir='ltr'>De</span> <span class='ocrx_word' id='word_1_24' title='bbox 315 448 432 487; x_wconf 86' lang='lat' dir='ltr'>gremio</span> <span class='ocrx_word' id='word_1_25' title='bbox 455 449 564 480; x_wconf 83' lang='lat' dir='ltr'>matris</span> 
     </span>
     <span class='ocr_line' id='line_1_9' title="bbox 294 495 767 534; baseline 0.004 -10"><span class='ocrx_word' id='word_1_26' title='bbox 294 495 465 526; x_wconf 81' lang='lat' dir='ltr'>translatus</span> <span class='ocrx_word' id='word_1_27' title='bbox 490 495 531 527; x_wconf 90' lang='lat' dir='ltr'>ad</span> <span class='ocrx_word' id='word_1_28' title='bbox 556 495 637 526; x_wconf 85' lang='lat' dir='ltr'>atria</span> <span class='ocrx_word' id='word_1_29' title='bbox 659 496 767 534; x_wconf 80' lang='lat' dir='ltr'>patris,</span> 
     </span>
    </p>
   </div>
   <div class='ocr_carea' id='block_1_5' title="bbox 312 605 663 638">
    <p class='ocr_par' dir='ltr' id='par_1_5' title="bbox 312 605 663 638">
     <span class='ocr_line' id='line_1_10' title="bbox 312 605 663 638; baseline 0.003 -2"><span class='ocrx_word' id='word_1_30' title='bbox 312 605 356 636; x_wconf 90' lang='lat' dir='ltr'>In</span> <span class='ocrx_word' id='word_1_31' title='bbox 383 607 412 636; x_wconf 86' lang='lat'>2.</span> <span class='ocrx_word' id='word_1_32' title='bbox 439 605 663 638; x_wconf 79' lang='lat' dir='ltr'>Nocturno.</span> 
     </span>
    </p>
   </div>
   <div class='ocr_carea' id='block_1_6' title="bbox 189 673 715 770">
    <p class='ocr_par' dir='ltr' id='par_1_6' title="bbox 189 673 715 770">
     <span class='ocr_line' id='line_1_11' title="bbox 392 673 581 709; baseline 0.005 -9"><span class='ocrx_word' id='word_1_33' title='bbox 392 673 581 709; x_wconf 73' lang='lat' dir='ltr'>Antiphonae.</span> 
     </span>
     <span class='ocr_line' id='line_1_12' title="bbox 189 729 715 770; baseline 0 -10"><span class='ocrx_word' id='word_1_34' title='bbox 189 730 219 761; x_wconf 85' lang='lat'>1.</span> <span class='ocrx_word' id='word_1_35' title='bbox 246 729 334 767; x_wconf 73' lang='lat' dir='ltr'>Quod</span> <span class='ocrx_word' id='word_1_36' title='bbox 360 738 440 767; x_wconf 89' lang='lat' dir='ltr'>caro,</span> <span class='ocrx_word' id='word_1_37' title='bbox 468 731 549 770; x_wconf 89' lang='lat' dir='ltr'>quod</span> <span class='ocrx_word' id='word_1_38' title='bbox 574 731 715 769; x_wconf 84' lang='lat' dir='ltr'>mundus,</span> 
     </span>
    </p>
   </div>
   <div class='ocr_carea' id='block_1_7' title="bbox 293 775 788 814">
    <p class='ocr_par' dir='ltr' id='par_1_7' title="bbox 293 775 788 814">
     <span class='ocr_line' id='line_1_13' title="bbox 293 775 788 814; baseline 0.002 -8"><span class='ocrx_word' id='word_1_39' title='bbox 293 776 376 814; x_wconf 81' lang='lat' dir='ltr'>quod</span> <span class='ocrx_word' id='word_1_40' title='bbox 403 778 436 806; x_wconf 82' lang='lat' dir='ltr'>et</span> <span class='ocrx_word' id='word_1_41' title='bbox 450 776 548 807; x_wconf 79' lang='lat' dir='ltr'>hostis</span> <span class='ocrx_word' id='word_1_42' title='bbox 566 777 633 807; x_wconf 78' lang='lat' dir='ltr'>vult</span> <span class='ocrx_word' id='word_1_43' title='bbox 648 775 788 807; x_wconf 78' lang='lat' dir='ltr'>furibun—</span> 
     </span>
    </p>
   </div>
   <div class='ocr_carea' id='block_1_8' title="bbox 244 823 754 953">
    <p class='ocr_par' dir='ltr' id='par_1_8' title="bbox 244 823 754 953">
     <span class='ocr_line' id='line_1_14' title="bbox 244 823 635 906; baseline 0 -8"><span class='ocrx_word' id='word_1_44' title='bbox 244 867 325 898; x_wconf 85' lang='lat' dir='ltr'>Dum</span> <span class='ocrx_word' id='word_1_45' title='bbox 351 866 428 906; x_wconf 81' lang='lat' dir='ltr'>fugit</span> <span class='ocrx_word' id='word_1_46' title='bbox 455 873 485 899; x_wconf 84' lang='lat' dir='ltr'>et</span> <span class='ocrx_word' id='word_1_47' title='bbox 509 823 635 899; x_wconf 44' lang='lat' dir='ltr'>subg?</span> 
     </span>
     <span class='ocr_line' id='line_1_15' title="bbox 290 913 754 953; baseline 0.011 -10"><span class='ocrx_word' id='word_1_48' title='bbox 290 913 350 944; x_wconf 82' lang='lat' dir='ltr'>sibi</span> <span class='ocrx_word' id='word_1_49' title='bbox 373 921 417 953; x_wconf 76' lang='lat' dir='ltr'>se,</span> <span class='ocrx_word' id='word_1_50' title='bbox 443 914 504 944; x_wconf 84' lang='lat' dir='ltr'>tria</span> <span class='ocrx_word' id='word_1_51' title='bbox 528 914 648 952; x_wconf 86' lang='lat' dir='ltr'>proelia</span> <span class='ocrx_word' id='word_1_52' title='bbox 670 914 754 948; x_wconf 83' lang='lat' dir='ltr'>vicit.</span> 
     </span>
    </p>
   </div>
   <div class='ocr_carea' id='block_1_9' title="bbox 186 978 779 1110">
    <p class='ocr_par' dir='ltr' id='par_1_9' title="bbox 186 978 779 1110">
     <span class='ocr_line' id='line_1_16' title="bbox 186 978 574 1017; baseline -0.003 -8"><span class='ocrx_word' id='word_1_53' title='bbox 186 979 216 1009; x_wconf 86' lang='lat'>2.</span> <span class='ocrx_word' id='word_1_54' title='bbox 243 978 329 1009; x_wconf 86' lang='lat' dir='ltr'>Mole</span> <span class='ocrx_word' id='word_1_55' title='bbox 350 979 426 1009; x_wconf 86' lang='lat' dir='ltr'>licet</span> <span class='ocrx_word' id='word_1_56' title='bbox 448 986 574 1017; x_wconf 87' lang='lat' dir='ltr'>pressus</span> 
     </span>
     <span class='ocr_line' id='line_1_17' title="bbox 291 1025 779 1065; baseline 0.002 -10"><span class='ocrx_word' id='word_1_57' title='bbox 291 1025 392 1055; x_wconf 86' lang='lat' dir='ltr'>carnis</span> <span class='ocrx_word' id='word_1_58' title='bbox 417 1033 511 1062; x_wconf 89' lang='lat' dir='ltr'>super</span> <span class='ocrx_word' id='word_1_59' title='bbox 535 1026 634 1056; x_wconf 84' lang='lat' dir='ltr'>ardua</span> <span class='ocrx_word' id='word_1_60' title='bbox 656 1033 779 1065; x_wconf 82' lang='lat' dir='ltr'>gressus</span> 
     </span>
     <span class='ocr_line' id='line_1_18' title="bbox 242 1070 526 1110; baseline 0 -9"><span class='ocrx_word' id='word_1_61' title='bbox 242 1070 338 1102; x_wconf 78' lang='lat' dir='ltr'>Rexit</span> <span class='ocrx_word' id='word_1_62' title='bbox 362 1072 393 1101; x_wconf 84' lang='lat' dir='ltr'>et</span> <span class='ocrx_word' id='word_1_63' title='bbox 417 1071 526 1110; x_wconf 83' lang='lat' dir='ltr'>erexit,</span> 
     </span>
    </p>
   </div>
   <div class='ocr_carea' id='block_1_10' title="bbox 289 1115 785 1155">
    <p class='ocr_par' dir='ltr' id='par_1_10' title="bbox 289 1115 785 1155">
     <span class='ocr_line' id='line_1_19' title="bbox 289 1115 785 1155; baseline 0.002 -8"><span class='ocrx_word' id='word_1_64' title='bbox 289 1124 347 1148; x_wconf 88' lang='lat' dir='ltr'>nec</span> <span class='ocrx_word' id='word_1_65' title='bbox 371 1124 440 1147; x_wconf 90' lang='lat' dir='ltr'>eum</span> <span class='ocrx_word' id='word_1_66' title='bbox 464 1117 515 1147; x_wconf 88' lang='lat' dir='ltr'>via</span> <span class='ocrx_word' id='word_1_67' title='bbox 538 1126 638 1155; x_wconf 87' lang='lat' dir='ltr'>prona</span> <span class='ocrx_word' id='word_1_68' title='bbox 655 1115 785 1149; x_wconf 81' lang='lat' dir='ltr'>reflexit.</span> 
     </span>
    </p>
   </div>
   <div class='ocr_carea' id='block_1_11' title="bbox 188 1180 750 1359">
    <p class='ocr_par' dir='ltr' id='par_1_11' title="bbox 188 1180 750 1359">
     <span class='ocr_line' id='line_1_20' title="bbox 188 1180 520 1219; baseline -0.006 -6"><span class='ocrx_word' id='word_1_69' title='bbox 188 1182 216 1213; x_wconf 87' lang='lat'>3.</span> <span class='ocrx_word' id='word_1_70' title='bbox 243 1180 429 1219; x_wconf 80' lang='lat' dir='ltr'><strong>Exemplum</strong></span> <span class='ocrx_word' id='word_1_71' title='bbox 453 1182 520 1212; x_wconf 84' lang='lat' dir='ltr'>veri</span> 
     </span>
     <span class='ocr_line' id='line_1_21' title="bbox 287 1227 714 1266; baseline 0.005 -9"><span class='ocrx_word' id='word_1_72' title='bbox 287 1227 422 1266; x_wconf 85' lang='lat' dir='ltr'>pastoris</span> <span class='ocrx_word' id='word_1_73' title='bbox 446 1229 479 1258; x_wconf 83' lang='lat' dir='ltr'>in</span> <span class='ocrx_word' id='word_1_74' title='bbox 503 1228 613 1259; x_wconf 84' lang='lat' dir='ltr'>ordine</span> <span class='ocrx_word' id='word_1_75' title='bbox 638 1229 714 1259; x_wconf 84' lang='lat' dir='ltr'>cleri</span> 
     </span>
     <span class='ocr_line' id='line_1_22' title="bbox 243 1271 501 1311; baseline 0 -7"><span class='ocrx_word' id='word_1_76' title='bbox 243 1272 283 1304; x_wconf 85' lang='lat' dir='ltr'>Se</span> <span class='ocrx_word' id='word_1_77' title='bbox 306 1271 374 1304; x_wconf 89' lang='lat' dir='ltr'>fieri</span> <span class='ocrx_word' id='word_1_78' title='bbox 398 1273 501 1311; x_wconf 90' lang='lat' dir='ltr'>potius</span> 
     </span>
     <span class='ocr_line' id='line_1_23' title="bbox 288 1320 750 1359; baseline 0.004 -9"><span class='ocrx_word' id='word_1_79' title='bbox 288 1321 397 1350; x_wconf 82' lang='lat' dir='ltr'>statuit</span> <span class='ocrx_word' id='word_1_80' title='bbox 422 1328 511 1359; x_wconf 88' lang='lat' dir='ltr'>quam</span> <span class='ocrx_word' id='word_1_81' title='bbox 536 1320 617 1351; x_wconf 84' lang='lat' dir='ltr'>velle</span> <span class='ocrx_word' id='word_1_82' title='bbox 641 1320 750 1352; x_wconf 84' lang='lat' dir='ltr'>videri.</span> 
     </span>
    </p>
   </div>
   <div class='ocr_carea' id='block_1_12' title="bbox 380 1402 581 1437">
    <p class='ocr_par' dir='ltr' id='par_1_12' title="bbox 380 1402 581 1437">
     <span class='ocr_line' id='line_1_24' title="bbox 380 1402 581 1437; baseline -0.005 -8"><span class='ocrx_word' id='word_1_83' title='bbox 380 1402 581 1437; x_wconf 78' lang='lat' dir='ltr'>Responsoria.</span> 
     </span>
    </p>
   </div>
   <div class='ocr_carea' id='block_1_13' title="bbox 174 1463 726 1688">
    <p class='ocr_par' dir='ltr' id='par_1_13' title="bbox 174 1463 726 1688">
     <span class='ocr_line' id='line_1_25' title="bbox 183 1463 556 1495; baseline -0.003 0"><span class='ocrx_word' id='word_1_84' title='bbox 183 1464 214 1495; x_wconf 83' lang='grc'>1.</span> <span class='ocrx_word' id='word_1_85' title='bbox 239 1463 386 1495; x_wconf 85' lang='lat' dir='ltr'>Aetheris</span> <span class='ocrx_word' id='word_1_86' title='bbox 411 1463 556 1495; x_wconf 82' lang='lat' dir='ltr'>ardorem</span> 
     </span>
     <span class='ocr_line' id='line_1_26' title="bbox 285 1510 726 1549; baseline -0.002 -8"><span class='ocrx_word' id='word_1_87' title='bbox 285 1510 412 1541; x_wconf 88' lang='lat' dir='ltr'>nimium</span> <span class='ocrx_word' id='word_1_88' title='bbox 436 1510 573 1549; x_wconf 82' lang='lat' dir='ltr'>solisque</span> <span class='ocrx_word' id='word_1_89' title='bbox 595 1510 726 1541; x_wconf 82' lang='lat' dir='ltr'>calorem</span> 
     </span>
     <span class='ocr_line' id='line_1_27' title="bbox 238 1556 585 1595; baseline 0 -8"><span class='ocrx_word' id='word_1_90' title='bbox 238 1556 406 1595; x_wconf 81' lang='lat' dir='ltr'>Temperat</span> <span class='ocrx_word' id='word_1_91' title='bbox 430 1559 461 1587; x_wconf 83' lang='lat' dir='ltr'>et</span> <span class='ocrx_word' id='word_1_92' title='bbox 483 1564 585 1588; x_wconf 86' lang='lat' dir='ltr'>rorem</span> 
     </span>
     <span class='ocr_line' id='line_1_28' title="bbox 284 1603 692 1642; baseline 0 -8"><span class='ocrx_word' id='word_1_93' title='bbox 284 1604 339 1634; x_wconf 85' lang='lat' dir='ltr'>dat</span> <span class='ocrx_word' id='word_1_94' title='bbox 363 1603 480 1634; x_wconf 88' lang='lat' dir='ltr'>civibus</span> <span class='ocrx_word' id='word_1_95' title='bbox 504 1603 692 1642; x_wconf 79' lang='lat' dir='ltr'>uberiorem,</span> 
     </span>
     <span class='ocr_line' id='line_1_29' title="bbox 174 1649 546 1688; baseline 0 -8"><span class='ocrx_word' id='word_1_96' title='bbox 174 1649 209 1681; x_wconf 94' lang='lat' dir='ltr'>V.</span> <span class='ocrx_word' id='word_1_97' title='bbox 236 1649 374 1681; x_wconf 86' lang='lat' dir='ltr'>Mundus</span> <span class='ocrx_word' id='word_1_98' title='bbox 401 1650 428 1680; x_wconf 90' lang='lat' dir='ltr'>ei</span> <span class='ocrx_word' id='word_1_99' title='bbox 454 1650 546 1688; x_wconf 80' lang='lat' dir='ltr'>cedit,</span> 
     </span>
    </p>
   </div>
   <div class='ocr_carea' id='block_1_14' title="bbox 283 1696 782 1737">
    <p class='ocr_par' dir='ltr' id='par_1_14' title="bbox 283 1696 782 1737">
     <span class='ocr_line' id='line_1_30' title="bbox 283 1696 782 1737; baseline -0.002 -10"><span class='ocrx_word' id='word_1_100' title='bbox 283 1705 379 1737; x_wconf 82' lang='lat' dir='ltr'>mare,</span> <span class='ocrx_word' id='word_1_101' title='bbox 405 1696 519 1736; x_wconf 82' lang='lat' dir='ltr'>sidera,</span> <span class='ocrx_word' id='word_1_102' title='bbox 539 1699 650 1727; x_wconf 83' lang='lat' dir='ltr'>ventus</span> <span class='ocrx_word' id='word_1_103' title='bbox 668 1696 782 1727; x_wconf 74' lang='lat' dir='ltr'>obedit.</span> 
     </span>
    </p>
   </div>
   <div class='ocr_carea' id='block_1_15' title="bbox 170 1759 757 2125">
    <p class='ocr_par' dir='ltr' id='par_1_15' title="bbox 170 1759 757 2125">
     <span class='ocr_line' id='line_1_31' title="bbox 181 1759 559 1793; baseline -0.005 -1"><span class='ocrx_word' id='word_1_104' title='bbox 181 1762 211 1792; x_wconf 86' lang='lat'>2.</span> <span class='ocrx_word' id='word_1_105' title='bbox 238 1759 430 1793; x_wconf 75' lang='lat' dir='ltr'>Subveniens</span> <span class='ocrx_word' id='word_1_106' title='bbox 453 1761 559 1792; x_wconf 85' lang='lat' dir='ltr'>multis</span> 
     </span>
     <span class='ocr_line' id='line_1_32' title="bbox 282 1807 747 1846; baseline -0.002 -8"><span class='ocrx_word' id='word_1_107' title='bbox 282 1809 373 1846; x_wconf 82' lang='lat' dir='ltr'>pater</span> <span class='ocrx_word' id='word_1_108' title='bbox 396 1807 429 1837; x_wconf 92' lang='lat' dir='ltr'>in</span> <span class='ocrx_word' id='word_1_109' title='bbox 453 1815 594 1838; x_wconf 88' lang='lat' dir='ltr'>moerore</span> <span class='ocrx_word' id='word_1_110' title='bbox 617 1807 747 1846; x_wconf 84' lang='lat' dir='ltr'>sepultis</span> 
     </span>
     <span class='ocr_line' id='line_1_33' title="bbox 240 1851 582 1893; baseline -0.006 -8"><span class='ocrx_word' id='word_1_111' title='bbox 240 1852 448 1893; x_wconf 82' lang='lat' dir='ltr'>Compedibus</span> <span class='ocrx_word' id='word_1_112' title='bbox 473 1851 582 1884; x_wconf 77' lang='lat' dir='ltr'>fractis</span> 
     </span>
     <span class='ocr_line' id='line_1_34' title="bbox 284 1897 708 1938; baseline -0.005 -7"><span class='ocrx_word' id='word_1_113' title='bbox 284 1903 314 1931; x_wconf 90' lang='lat' dir='ltr'>et</span> <span class='ocrx_word' id='word_1_114' title='bbox 340 1900 517 1931; x_wconf 86' lang='lat' dir='ltr'>carceribus</span> <span class='ocrx_word' id='word_1_115' title='bbox 540 1897 708 1938; x_wconf 77' lang='lat' dir='ltr'>patefactis</span> 
     </span>
     <span class='ocr_line' id='line_1_35' title="bbox 237 1946 519 1986; baseline -0.007 -8"><span class='ocrx_word' id='word_1_116' title='bbox 237 1946 364 1978; x_wconf 83' lang='lat' dir='ltr'>Civibus</span> <span class='ocrx_word' id='word_1_117' title='bbox 387 1946 519 1986; x_wconf 80' lang='lat' dir='ltr'>ingratis</span> 
     </span>
     <span class='ocr_line' id='line_1_36' title="bbox 282 1992 691 2032; baseline -0.007 -7"><span class='ocrx_word' id='word_1_118' title='bbox 282 1993 427 2025; x_wconf 79' lang='lat' dir='ltr'>dissolvit.</span> <span class='ocrx_word' id='word_1_119' title='bbox 451 1993 554 2024; x_wconf 82' lang='lat' dir='ltr'>vincla</span> <span class='ocrx_word' id='word_1_120' title='bbox 575 1992 691 2032; x_wconf 84' lang='lat' dir='ltr'>ligatis,</span> 
     </span>
     <span class='ocr_line' id='line_1_37' title="bbox 170 2039 553 2079; baseline -0.005 -7"><span class='ocrx_word' id='word_1_121' title='bbox 170 2040 205 2072; x_wconf 94' lang='lat' dir='ltr'>V.</span> <span class='ocrx_word' id='word_1_122' title='bbox 234 2041 278 2073; x_wconf 83' lang='lat' dir='ltr'>Ut</span> <span class='ocrx_word' id='word_1_123' title='bbox 302 2042 419 2079; x_wconf 84' lang='lat' dir='ltr'>pateat,</span> <span class='ocrx_word' id='word_1_124' title='bbox 446 2039 553 2079; x_wconf 84' lang='lat' dir='ltr'>quanti</span> 
     </span>
     <span class='ocr_line' id='line_1_38' title="bbox 280 2085 757 2125; baseline -0.006 -7"><span class='ocrx_word' id='word_1_125' title='bbox 280 2088 322 2119; x_wconf 88' lang='lat' dir='ltr'>sit</span> <span class='ocrx_word' id='word_1_126' title='bbox 346 2087 460 2125; x_wconf 87' lang='lat' dir='ltr'>ubique</span> <span class='ocrx_word' id='word_1_127' title='bbox 484 2086 625 2125; x_wconf 81' lang='lat' dir='ltr'>potentia</span> <span class='ocrx_word' id='word_1_128' title='bbox 648 2085 757 2116; x_wconf 85' lang='lat' dir='ltr'>sancti.</span> 
     </span>
    </p>
   </div>
   <div class='ocr_carea' id='block_1_16' title="bbox 176 2150 748 2325">
    <p class='ocr_par' dir='ltr' id='par_1_16' title="bbox 176 2150 748 2325">
     <span class='ocr_line' id='line_1_39' title="bbox 176 2150 488 2192; baseline -0.013 -6"><span class='ocrx_word' id='word_1_129' title='bbox 176 2155 207 2188; x_wconf 78' lang='lat'>3.</span> <span class='ocrx_word' id='word_1_130' title='bbox 231 2150 385 2185; x_wconf 79' lang='lat' dir='ltr'>Mellifluo</span> <span class='ocrx_word' id='word_1_131' title='bbox 407 2150 488 2192; x_wconf 79' lang='lat' dir='ltr'>flori,</span> 
     </span>
     <span class='ocr_line' id='line_1_40' title="bbox 279 2198 748 2239; baseline -0.004 -9"><span class='ocrx_word' id='word_1_132' title='bbox 279 2199 331 2239; x_wconf 89' lang='lat' dir='ltr'>qui</span> <span class='ocrx_word' id='word_1_133' title='bbox 357 2199 497 2231; x_wconf 80' lang='lat' dir='ltr'>balsama</span> <span class='ocrx_word' id='word_1_134' title='bbox 521 2198 619 2230; x_wconf 89' lang='lat' dir='ltr'>vincit</span> <span class='ocrx_word' id='word_1_135' title='bbox 643 2198 748 2236; x_wconf 86' lang='lat' dir='ltr'>odore,</span> 
     </span>
     <span class='ocr_line' id='line_1_41' title="bbox 232 2246 540 2279; baseline -0.006 0"><span class='ocrx_word' id='word_1_136' title='bbox 232 2246 429 2279; x_wconf 82' lang='lat' dir='ltr'>Alternando</span> <span class='ocrx_word' id='word_1_137' title='bbox 456 2246 540 2277; x_wconf 82' lang='lat' dir='ltr'>chori</span> 
     </span>
     <span class='ocr_line' id='line_1_42' title="bbox 278 2293 677 2325; baseline -0.005 0"><span class='ocrx_word' id='word_1_138' title='bbox 278 2293 416 2325; x_wconf 83' lang='lat' dir='ltr'>succensi</span> <span class='ocrx_word' id='word_1_139' title='bbox 443 2293 547 2325; x_wconf 81' lang='lat' dir='ltr'>cordis</span> <span class='ocrx_word' id='word_1_140' title='bbox 571 2300 677 2323; x_wconf 83' lang='lat' dir='ltr'>amore</span> 
     </span>
    </p>
   </div>
   <div class='ocr_carea' id='block_1_17' title="bbox 853 173 1423 348">
    <p class='ocr_par' dir='ltr' id='par_1_17' title="bbox 853 173 1423 348">
     <span class='ocr_line' id='line_1_43' title="bbox 917 173 1253 206; baseline -0.009 -1"><span class='ocrx_word' id='word_1_141' title='bbox 917 173 1104 206; x_wconf 79' lang='lat' dir='ltr'>Concentum</span> <span class='ocrx_word' id='word_1_142' title='bbox 1127 173 1253 203; x_wconf 81' lang='lat' dir='ltr'>memori</span> 
     </span>
     <span class='ocr_line' id='line_1_44' title="bbox 963 218 1423 258; baseline 0 -7"><span class='ocrx_word' id='word_1_143' title='bbox 963 219 1054 258; x_wconf 85' lang='lat' dir='ltr'>digno</span> <span class='ocrx_word' id='word_1_144' title='bbox 1078 219 1275 250; x_wconf 80' lang='lat' dir='ltr'>modulentur</span> <span class='ocrx_word' id='word_1_145' title='bbox 1298 218 1423 252; x_wconf 74' lang='lat' dir='ltr'>honore.</span> 
     </span>
     <span class='ocr_line' id='line_1_45' title="bbox 853 265 1228 297; baseline -0.003 -1"><span class='ocrx_word' id='word_1_146' title='bbox 853 265 889 296; x_wconf 90' lang='lat' dir='ltr'>V.</span> <span class='ocrx_word' id='word_1_147' title='bbox 918 265 1027 297; x_wconf 80' lang='lat' dir='ltr'>Gratia</span> <span class='ocrx_word' id='word_1_148' title='bbox 1052 265 1106 297; x_wconf 85' lang='lat' dir='ltr'>dat</span> <span class='ocrx_word' id='word_1_149' title='bbox 1129 273 1228 296; x_wconf 73' lang='lat' dir='ltr'>rorem</span> 
     </span>
     <span class='ocr_line' id='line_1_46' title="bbox 960 309 1408 348; baseline 0.002 -6"><span class='ocrx_word' id='word_1_150' title='bbox 960 310 1041 348; x_wconf 71' lang='lat' dir='ltr'>fiori,</span> <span class='ocrx_word' id='word_1_151' title='bbox 1067 310 1269 344; x_wconf 83' lang='lat' dir='ltr'>Somonobria</span> <span class='ocrx_word' id='word_1_152' title='bbox 1291 309 1408 343; x_wconf 83' lang='lat' dir='ltr'>florem.</span> 
     </span>
    </p>
   </div>
   <div class='ocr_carea' id='block_1_18' title="bbox 978 421 1326 519">
    <p class='ocr_par' dir='ltr' id='par_1_18' title="bbox 978 421 1326 519">
     <span class='ocr_line' id='line_1_47' title="bbox 978 421 1326 454; baseline 0.003 -2"><span class='ocrx_word' id='word_1_153' title='bbox 978 421 1021 453; x_wconf 89' lang='lat' dir='ltr'>In</span> <span class='ocrx_word' id='word_1_154' title='bbox 1048 423 1078 454; x_wconf 83' lang='lat'>3.</span> <span class='ocrx_word' id='word_1_155' title='bbox 1104 421 1326 453; x_wconf 86' lang='lat' dir='ltr'>Nocturno.</span> 
     </span>
     <span class='ocr_line' id='line_1_48' title="bbox 1059 485 1248 519; baseline 0.005 -8"><span class='ocrx_word' id='word_1_156' title='bbox 1059 485 1248 519; x_wconf 79' lang='lat' dir='ltr'>Antiphonae.</span> 
     </span>
    </p>
   </div>
   <div class='ocr_carea' id='block_1_19' title="bbox 858 540 1456 718">
    <p class='ocr_par' dir='ltr' id='par_1_19' title="bbox 858 540 1456 718">
     <span class='ocr_line' id='line_1_49' title="bbox 858 540 1252 578; baseline -0.003 -5"><span class='ocrx_word' id='word_1_157' title='bbox 858 542 889 573; x_wconf 84' lang='lat'>1.</span> <span class='ocrx_word' id='word_1_158' title='bbox 915 540 1122 573; x_wconf 80' lang='lat' dir='ltr'>Ambianense</span> <span class='ocrx_word' id='word_1_159' title='bbox 1146 543 1252 578; x_wconf 55' lang='lat' dir='ltr'>solum.</span> 
     </span>
     <span class='ocr_line' id='line_1_50' title="bbox 963 588 1420 626; baseline 0 -7"><span class='ocrx_word' id='word_1_160' title='bbox 963 588 1035 619; x_wconf 85' lang='lat' dir='ltr'>dum</span> <span class='ocrx_word' id='word_1_161' title='bbox 1061 588 1178 619; x_wconf 85' lang='lat' dir='ltr'>coelum</span> <span class='ocrx_word' id='word_1_162' title='bbox 1201 588 1304 619; x_wconf 83' lang='lat' dir='ltr'>sidere</span> <span class='ocrx_word' id='word_1_163' title='bbox 1331 589 1420 626; x_wconf 79' lang='lat' dir='ltr'>(litat,</span> 
     </span>
     <span class='ocr_line' id='line_1_51' title="bbox 915 633 1271 673; baseline -0.003 -8"><span class='ocrx_word' id='word_1_164' title='bbox 915 633 1035 665; x_wconf 90' lang='lat' dir='ltr'>Ornans</span> <span class='ocrx_word' id='word_1_165' title='bbox 1060 636 1145 665; x_wconf 80' lang='lat' dir='ltr'>terra</span> <span class='ocrx_word' id='word_1_166' title='bbox 1168 634 1271 673; x_wconf 81' lang='lat' dir='ltr'>polum</span> 
     </span>
     <span class='ocr_line' id='line_1_52' title="bbox 958 680 1456 718; baseline 0 -8"><span class='ocrx_word' id='word_1_167' title='bbox 958 680 1103 711; x_wconf 69' lang='lat' dir='ltr'>tenebras</span> <span class='ocrx_word' id='word_1_168' title='bbox 1130 680 1297 718; x_wconf 87' lang='lat' dir='ltr'>splendore</span> <span class='ocrx_word' id='word_1_169' title='bbox 1320 681 1456 714; x_wconf 81' lang='lat' dir='ltr'>maritat.</span> 
     </span>
    </p>
   </div>
   <div class='ocr_carea' id='block_1_20' title="bbox 855 734 1436 1106">
    <p class='ocr_par' dir='ltr' id='par_1_20' title="bbox 855 734 1436 1106">
     <span class='ocr_line' id='line_1_53' title="bbox 855 734 1219 774; baseline 0 -9"><span class='ocrx_word' id='word_1_170' title='bbox 855 736 885 766; x_wconf 88' lang='lat'>2.</span> <span class='ocrx_word' id='word_1_171' title='bbox 912 734 1060 766; x_wconf 84' lang='lat' dir='ltr'>Subvenit</span> <span class='ocrx_word' id='word_1_172' title='bbox 1085 736 1219 774; x_wconf 58' lang='lat' dir='ltr'>aegrotis</span> 
     </span>
     <span class='ocr_line' id='line_1_54' title="bbox 956 781 1390 819; baseline 0.002 -8"><span class='ocrx_word' id='word_1_173' title='bbox 956 781 1136 819; x_wconf 80' lang='lat' dir='ltr'>majoraque</span> <span class='ocrx_word' id='word_1_174' title='bbox 1158 790 1287 813; x_wconf 82' lang='lat' dir='ltr'>munera</span> <span class='ocrx_word' id='word_1_175' title='bbox 1309 782 1390 813; x_wconf 75' lang='lat' dir='ltr'>votis</span> 
     </span>
     <span class='ocr_line' id='line_1_55' title="bbox 910 825 1201 858; baseline 0 -1"><span class='ocrx_word' id='word_1_176' title='bbox 910 825 974 857; x_wconf 81' lang='lat' dir='ltr'>Dat</span> <span class='ocrx_word' id='word_1_177' title='bbox 997 827 1056 857; x_wconf 89' lang='lat' dir='ltr'>sibi</span> <span class='ocrx_word' id='word_1_178' title='bbox 1082 827 1201 858; x_wconf 84' lang='lat' dir='ltr'>devotis</span> 
     </span>
     <span class='ocr_line' id='line_1_56' title="bbox 955 873 1436 911; baseline 0.008 -9"><span class='ocrx_word' id='word_1_179' title='bbox 955 873 1065 911; x_wconf 85' lang='lat' dir='ltr'>positis</span> <span class='ocrx_word' id='word_1_180' title='bbox 1087 880 1187 911; x_wconf 87' lang='lat' dir='ltr'>prope</span> <span class='ocrx_word' id='word_1_181' title='bbox 1210 873 1276 904; x_wconf 91' lang='lat' dir='ltr'>sive</span> <span class='ocrx_word' id='word_1_182' title='bbox 1300 875 1436 907; x_wconf 78' lang='lat' dir='ltr'>remotis.</span> 
     </span>
     <span class='ocr_line' id='line_1_57' title="bbox 856 927 1297 967; baseline -0.002 -6"><span class='ocrx_word' id='word_1_183' title='bbox 856 929 886 961; x_wconf 81' lang='lat'>3.</span> <span class='ocrx_word' id='word_1_184' title='bbox 911 928 1019 959; x_wconf 82' lang='lat' dir='ltr'>Mente</span> <span class='ocrx_word' id='word_1_185' title='bbox 1043 927 1149 966; x_wconf 83' lang='lat' dir='ltr'>vigens</span> <span class='ocrx_word' id='word_1_186' title='bbox 1171 929 1297 967; x_wconf 86' lang='lat' dir='ltr'>munda,</span> 
     </span>
     <span class='ocr_line' id='line_1_58' title="bbox 953 974 1413 1007; baseline 0.007 -3"><span class='ocrx_word' id='word_1_187' title='bbox 953 974 1088 1005; x_wconf 84' lang='lat' dir='ltr'>moriens</span> <span class='ocrx_word' id='word_1_188' title='bbox 1113 983 1132 1005; x_wconf 80' lang='lat' dir='ltr'>a</span> <span class='ocrx_word' id='word_1_189' title='bbox 1154 977 1254 1005; x_wconf 84' lang='lat' dir='ltr'>morte</span> <span class='ocrx_word' id='word_1_190' title='bbox 1276 976 1413 1007; x_wconf 78' lang='lat' dir='ltr'>secunda</span> 
     </span>
     <span class='ocr_line' id='line_1_59' title="bbox 908 1020 1247 1060; baseline 0 -8"><span class='ocrx_word' id='word_1_191' title='bbox 908 1020 1003 1060; x_wconf 81' lang='lat' dir='ltr'>Fugit</span> <span class='ocrx_word' id='word_1_192' title='bbox 1034 1024 1065 1051; x_wconf 82' lang='lat' dir='ltr'>et</span> <span class='ocrx_word' id='word_1_193' title='bbox 1088 1021 1127 1051; x_wconf 85' lang='lat' dir='ltr'>ad</span> <span class='ocrx_word' id='word_1_194' title='bbox 1153 1021 1247 1052; x_wconf 86' lang='lat' dir='ltr'>vitam</span> 
     </span>
     <span class='ocr_line' id='line_1_60' title="bbox 957 1064 1377 1106; baseline 0.005 -8"><span class='ocrx_word' id='word_1_195' title='bbox 957 1067 1040 1098; x_wconf 84' lang='lat' dir='ltr'>venit</span> <span class='ocrx_word' id='word_1_196' title='bbox 1063 1064 1210 1105; x_wconf 80' lang='lat' dir='ltr'>fugiendo</span> <span class='ocrx_word' id='word_1_197' title='bbox 1235 1067 1377 1106; x_wconf 83' lang='lat' dir='ltr'>sopitam.</span> 
     </span>
    </p>
   </div>
   <div class='ocr_carea' id='block_1_21' title="bbox 1047 1149 1249 1184">
    <p class='ocr_par' dir='ltr' id='par_1_21' title="bbox 1047 1149 1249 1184">
     <span class='ocr_line' id='line_1_61' title="bbox 1047 1149 1249 1184; baseline -0.005 -8"><span class='ocrx_word' id='word_1_198' title='bbox 1047 1149 1249 1184; x_wconf 84' lang='lat' dir='ltr'>Rcsponsoria.</span> 
     </span>
    </p>
   </div>
   <div class='ocr_carea' id='block_1_22' title="bbox 844 1203 1453 1569">
    <p class='ocr_par' dir='ltr' id='par_1_22' title="bbox 844 1203 1453 1569">
     <span class='ocr_line' id='line_1_62' title="bbox 852 1203 1240 1244; baseline -0.003 -8"><span class='ocrx_word' id='word_1_199' title='bbox 852 1206 881 1237; x_wconf 87' lang='lat'>1.</span> <span class='ocrx_word' id='word_1_200' title='bbox 908 1203 1048 1236; x_wconf 80' lang='lat' dir='ltr'>Luciferi</span> <span class='ocrx_word' id='word_1_201' title='bbox 1072 1206 1240 1244; x_wconf 84' lang='lat' dir='ltr'>splendens</span> 
     </span>
     <span class='ocr_line' id='line_1_63' title="bbox 954 1251 1453 1291; baseline 0.004 -9"><span class='ocrx_word' id='word_1_202' title='bbox 954 1251 1061 1282; x_wconf 85' lang='lat' dir='ltr'>radius</span> <span class='ocrx_word' id='word_1_203' title='bbox 1074 1259 1169 1291; x_wconf 79' lang='lat' dir='ltr'>super</span> <span class='ocrx_word' id='word_1_204' title='bbox 1177 1251 1304 1284; x_wconf 84' lang='lat' dir='ltr'>aethera</span> <span class='ocrx_word' id='word_1_205' title='bbox 1313 1252 1453 1291; x_wconf 80' lang='lat' dir='ltr'>tendens,</span> 
     </span>
     <span class='ocr_line' id='line_1_64' title="bbox 909 1297 1329 1337; baseline 0 -9"><span class='ocrx_word' id='word_1_206' title='bbox 909 1297 1004 1335; x_wconf 76' lang='lat' dir='ltr'>Quem</span> <span class='ocrx_word' id='word_1_207' title='bbox 1029 1298 1102 1329; x_wconf 82' lang='lat' dir='ltr'>colit</span> <span class='ocrx_word' id='word_1_208' title='bbox 1125 1299 1184 1329; x_wconf 81' lang='lat' dir='ltr'>iste</span> <span class='ocrx_word' id='word_1_209' title='bbox 1208 1298 1329 1337; x_wconf 81' lang='lat' dir='ltr'>chorus,</span> 
     </span>
     <span class='ocr_line' id='line_1_65' title="bbox 954 1345 1452 1384; baseline 0.002 -10"><span class='ocrx_word' id='word_1_210' title='bbox 954 1346 1042 1383; x_wconf 85' lang='lat' dir='ltr'>voto,</span> <span class='ocrx_word' id='word_1_211' title='bbox 1067 1352 1171 1382; x_wconf 83' lang='lat' dir='ltr'>prece,</span> <span class='ocrx_word' id='word_1_212' title='bbox 1196 1345 1290 1375; x_wconf 86' lang='lat' dir='ltr'>laude</span> <span class='ocrx_word' id='word_1_213' title='bbox 1313 1353 1452 1384; x_wconf 87' lang='lat' dir='ltr'>sonorus,</span> 
     </span>
     <span class='ocr_line' id='line_1_66' title="bbox 909 1389 1262 1429; baseline -0.003 -7"><span class='ocrx_word' id='word_1_214' title='bbox 909 1389 987 1428; x_wconf 83' lang='lat' dir='ltr'>Spes</span> <span class='ocrx_word' id='word_1_215' title='bbox 1013 1393 1044 1421; x_wconf 84' lang='lat' dir='ltr'>et</span> <span class='ocrx_word' id='word_1_216' title='bbox 1066 1398 1152 1421; x_wconf 84' lang='lat' dir='ltr'>amor</span> <span class='ocrx_word' id='word_1_217' title='bbox 1178 1391 1262 1429; x_wconf 82' lang='lat' dir='ltr'>oleri,</span> 
     </span>
     <span class='ocr_line' id='line_1_67' title="bbox 953 1436 1334 1475; baseline 0 -8"><span class='ocrx_word' id='word_1_218' title='bbox 953 1439 986 1467; x_wconf 80' lang='lat' dir='ltr'>tu</span> <span class='ocrx_word' id='word_1_219' title='bbox 1011 1445 1066 1468; x_wconf 90' lang='lat' dir='ltr'>nos</span> <span class='ocrx_word' id='word_1_220' title='bbox 1093 1436 1221 1475; x_wconf 82' lang='lat' dir='ltr'>dignare</span> <span class='ocrx_word' id='word_1_221' title='bbox 1243 1437 1334 1474; x_wconf 80' lang='lat' dir='ltr'>tueri,</span> 
     </span>
     <span class='ocr_line' id='line_1_68' title="bbox 844 1481 1230 1522; baseline 0 -9"><span class='ocrx_word' id='word_1_222' title='bbox 844 1483 880 1514; x_wconf 92' lang='lat' dir='ltr'>V.</span> <span class='ocrx_word' id='word_1_223' title='bbox 909 1481 1015 1514; x_wconf 82' lang='lat' dir='ltr'>Gloria</span> <span class='ocrx_word' id='word_1_224' title='bbox 1039 1482 1230 1522; x_wconf 86' lang='lat' dir='ltr'>pontificum,</span> 
     </span>
     <span class='ocr_line' id='line_1_69' title="bbox 952 1529 1452 1569; baseline 0.004 -10"><span class='ocrx_word' id='word_1_225' title='bbox 952 1531 1060 1568; x_wconf 85' lang='lat' dir='ltr'>pastor</span> <span class='ocrx_word' id='word_1_226' title='bbox 1084 1529 1174 1569; x_wconf 73' lang='lat' dir='ltr'>bone,</span> <span class='ocrx_word' id='word_1_227' title='bbox 1199 1529 1285 1560; x_wconf 86' lang='lat' dir='ltr'>sidus</span> <span class='ocrx_word' id='word_1_228' title='bbox 1309 1530 1452 1562; x_wconf 86' lang='lat' dir='ltr'>amicum.</span> 
     </span>
    </p>
   </div>
   <div class='ocr_carea' id='block_1_23' title="bbox 852 1584 1443 1856">
    <p class='ocr_par' dir='ltr' id='par_1_23' title="bbox 852 1584 1443 1856">
     <span class='ocr_line' id='line_1_70' title="bbox 852 1584 1297 1625; baseline -0.002 -9"><span class='ocrx_word' id='word_1_229' title='bbox 852 1586 883 1617; x_wconf 88' lang='lat'>2.</span> <span class='ocrx_word' id='word_1_230' title='bbox 910 1584 1083 1623; x_wconf 84' lang='lat' dir='ltr'>Splendida</span> <span class='ocrx_word' id='word_1_231' title='bbox 1107 1584 1199 1616; x_wconf 87' lang='lat' dir='ltr'>stella</span> <span class='ocrx_word' id='word_1_232' title='bbox 1221 1585 1297 1625; x_wconf 82' lang='lat' dir='ltr'>poli,</span> 
     </span>
     <span class='ocr_line' id='line_1_71' title="bbox 952 1631 1443 1670; baseline 0 -8"><span class='ocrx_word' id='word_1_233' title='bbox 952 1633 1043 1670; x_wconf 84' lang='lat' dir='ltr'>pater</span> <span class='ocrx_word' id='word_1_234' title='bbox 1066 1631 1182 1670; x_wconf 78' lang='lat' dir='ltr'>inclite,</span> <span class='ocrx_word' id='word_1_235' title='bbox 1209 1639 1357 1670; x_wconf 87' lang='lat' dir='ltr'>spernere</span> <span class='ocrx_word' id='word_1_236' title='bbox 1379 1632 1443 1662; x_wconf 87' lang='lat' dir='ltr'>noli</span> 
     </span>
     <span class='ocr_line' id='line_1_72' title="bbox 907 1677 1220 1718; baseline -0.003 -9"><span class='ocrx_word' id='word_1_237' title='bbox 907 1677 972 1709; x_wconf 87' lang='lat' dir='ltr'>Nos</span> <span class='ocrx_word' id='word_1_238' title='bbox 996 1677 1054 1708; x_wconf 86' lang='lat' dir='ltr'>tibi</span> <span class='ocrx_word' id='word_1_239' title='bbox 1082 1677 1220 1718; x_wconf 72' lang='lat' dir='ltr'>devotos,</span> 
     </span>
     <span class='ocr_line' id='line_1_73' title="bbox 952 1723 1431 1755; baseline 0 -1"><span class='ocrx_word' id='word_1_240' title='bbox 952 1723 1006 1755; x_wconf 87' lang='lat' dir='ltr'>sed</span> <span class='ocrx_word' id='word_1_241' title='bbox 1032 1724 1071 1755; x_wconf 87' lang='lat' dir='ltr'>ab</span> <span class='ocrx_word' id='word_1_242' title='bbox 1093 1724 1173 1755; x_wconf 88' lang='lat' dir='ltr'>omni</span> <span class='ocrx_word' id='word_1_243' title='bbox 1200 1724 1327 1755; x_wconf 87' lang='lat' dir='ltr'>crimine</span> <span class='ocrx_word' id='word_1_244' title='bbox 1351 1724 1431 1755; x_wconf 89' lang='lat' dir='ltr'>lotos</span> 
     </span>
     <span class='ocr_line' id='line_1_74' title="bbox 906 1769 1223 1808; baseline 0 -8"><span class='ocrx_word' id='word_1_245' title='bbox 906 1769 1022 1801; x_wconf 83' lang='lat' dir='ltr'>Tecum</span> <span class='ocrx_word' id='word_1_246' title='bbox 1045 1772 1131 1801; x_wconf 87' lang='lat' dir='ltr'>sorte</span> <span class='ocrx_word' id='word_1_247' title='bbox 1153 1770 1223 1808; x_wconf 84' lang='lat' dir='ltr'>pari</span> 
     </span>
     <span class='ocr_line' id='line_1_75' title="bbox 952 1815 1439 1856; baseline 0 -9"><span class='ocrx_word' id='word_1_248' title='bbox 952 1815 1003 1847; x_wconf 86' lang='lat' dir='ltr'>fao</span> <span class='ocrx_word' id='word_1_249' title='bbox 1026 1825 1081 1847; x_wconf 87' lang='lat' dir='ltr'>nos</span> <span class='ocrx_word' id='word_1_250' title='bbox 1106 1824 1200 1855; x_wconf 88' lang='lat' dir='ltr'>super</span> <span class='ocrx_word' id='word_1_251' title='bbox 1223 1819 1309 1847; x_wconf 83' lang='lat' dir='ltr'>astra</span> <span class='ocrx_word' id='word_1_252' title='bbox 1332 1816 1439 1856; x_wconf 88' lang='lat' dir='ltr'>locari,</span> 
     </span>
    </p>
   </div>
   <div class='ocr_carea' id='block_1_24' title="bbox 840 1862 1232 1902">
    <p class='ocr_par' dir='ltr' id='par_1_24' title="bbox 840 1862 1232 1902">
     <span class='ocr_line' id='line_1_76' title="bbox 840 1862 1232 1902; baseline -0.005 -8"><span class='ocrx_word' id='word_1_253' title='bbox 840 1862 876 1894; x_wconf 90' lang='lat' dir='ltr'>V.</span> <span class='ocrx_word' id='word_1_254' title='bbox 902 1862 1041 1894; x_wconf 78' lang='lat' dir='ltr'>Maxime</span> <span class='ocrx_word' id='word_1_255' title='bbox 1063 1865 1232 1902; x_wconf 85' lang='lat' dir='ltr'>pastorum,</span> 
     </span>
    </p>
   </div>
   <div class='ocr_carea' id='block_1_25' title="bbox 950 1911 1449 1947">
    <p class='ocr_par' dir='ltr' id='par_1_25' title="bbox 950 1911 1449 1947">
     <span class='ocr_line' id='line_1_77' title="bbox 950 1911 1449 1947; baseline 0.004 -8"><span class='ocrx_word' id='word_1_256' title='bbox 950 1917 1033 1947; x_wconf 84' lang='lat' dir='ltr'>spes,</span> <span class='ocrx_word' id='word_1_257' title='bbox 1051 1912 1159 1947; x_wconf 85' lang='lat' dir='ltr'>portus</span> <span class='ocrx_word' id='word_1_258' title='bbox 1178 1911 1207 1939; x_wconf 87' lang='lat' dir='ltr'>et</span> <span class='ocrx_word' id='word_1_259' title='bbox 1225 1917 1301 1940; x_wconf 86' lang='lat' dir='ltr'>aura</span> <span class='ocrx_word' id='word_1_260' title='bbox 1316 1911 1449 1943; x_wconf 82' lang='lat' dir='ltr'>tuorum.</span> 
     </span>
    </p>
   </div>
   <div class='ocr_carea' id='block_1_26' title="bbox 849 1964 1450 2331">
    <p class='ocr_par' dir='ltr' id='par_1_26' title="bbox 849 1964 1233 2004">
     <span class='ocr_line' id='line_1_78' title="bbox 849 1964 1233 2004; baseline -0.003 -7"><span class='ocrx_word' id='word_1_261' title='bbox 849 1965 878 1997; x_wconf 84' lang='lat'>3.</span> <span class='ocrx_word' id='word_1_262' title='bbox 906 1965 930 1997; x_wconf 94' lang='lat' dir='ltr'>O</span> <span class='ocrx_word' id='word_1_263' title='bbox 957 1964 1050 1995; x_wconf 83' lang='lat' dir='ltr'>decus</span> <span class='ocrx_word' id='word_1_264' title='bbox 1075 1965 1233 2004; x_wconf 85' lang='lat' dir='ltr'>ecclesiae,</span> 
     </span>
    </p>

    <p class='ocr_par' dir='ltr' id='par_1_27' title="bbox 897 2011 1360 2097">
     <span class='ocr_line' id='line_1_79' title="bbox 949 2011 1360 2052; baseline 0.002 -11"><span class='ocrx_word' id='word_1_265' title='bbox 949 2011 1051 2052; x_wconf 82' lang='lat' dir='ltr'>matri,</span> <span class='ocrx_word' id='word_1_266' title='bbox 1075 2014 1174 2050; x_wconf 86' lang='lat' dir='ltr'>pater,</span> <span class='ocrx_word' id='word_1_267' title='bbox 1200 2012 1360 2049; x_wconf 78' lang='lat' dir='ltr'>auxiliare,</span> 
     </span>
     <span class='ocr_line' id='line_1_80' title="bbox 897 2057 1240 2097; baseline 0.006 -10"><span class='ocrx_word' id='word_1_268' title='bbox 897 2057 962 2096; x_wconf 80' lang='lat' dir='ltr'>Quo</span> <span class='ocrx_word' id='word_1_269' title='bbox 987 2058 1123 2097; x_wconf 78' lang='lat' dir='ltr'>gaudent</span> <span class='ocrx_word' id='word_1_270' title='bbox 1146 2059 1240 2089; x_wconf 88' lang='lat' dir='ltr'>hodie</span> 
     </span>
    </p>

    <p class='ocr_par' dir='ltr' id='par_1_28' title="bbox 905 2104 1314 2190">
     <span class='ocr_line' id='line_1_81' title="bbox 951 2104 1314 2146; baseline 0.006 -12"><span class='ocrx_word' id='word_1_271' title='bbox 951 2104 1064 2140; x_wconf 82' lang='lat' dir='ltr'>sidera,</span> <span class='ocrx_word' id='word_1_272' title='bbox 1091 2107 1183 2146; x_wconf 82' lang='lat' dir='ltr'>terra,</span> <span class='ocrx_word' id='word_1_273' title='bbox 1211 2113 1314 2143; x_wconf 83' lang='lat' dir='ltr'>mare3</span> 
     </span>
     <span class='ocr_line' id='line_1_82' title="bbox 905 2149 1274 2190; baseline 0.003 -9"><span class='ocrx_word' id='word_1_274' title='bbox 905 2149 989 2182; x_wconf 82' lang='lat' dir='ltr'>Nata</span> <span class='ocrx_word' id='word_1_275' title='bbox 1011 2153 1142 2190; x_wconf 83' lang='lat' dir='ltr'>patrem,</span> <span class='ocrx_word' id='word_1_276' title='bbox 1167 2154 1274 2183; x_wconf 83' lang='lat' dir='ltr'>natum</span> 
     </span>
    </p>

    <p class='ocr_par' dir='ltr' id='par_1_29' title="bbox 907 2198 1450 2276">
     <span class='ocr_line' id='line_1_83' title="bbox 949 2198 1450 2237; baseline 0.002 -9"><span class='ocrx_word' id='word_1_277' title='bbox 949 2200 1057 2234; x_wconf 82' lang='lat' dir='ltr'>mater,</span> <span class='ocrx_word' id='word_1_278' title='bbox 1088 2206 1144 2230; x_wconf 84' lang='lat' dir='ltr'>sua</span> <span class='ocrx_word' id='word_1_279' title='bbox 1168 2207 1282 2237; x_wconf 85' lang='lat' dir='ltr'>sponsa</span> <span class='ocrx_word' id='word_1_280' title='bbox 1304 2198 1450 2229; x_wconf 84' lang='lat' dir='ltr'>maritum</span> 
     </span>
     <span class='ocr_line' id='line_1_84' title="bbox 907 2244 1241 2276; baseline 0 0"><span class='ocrx_word' id='word_1_281' title='bbox 907 2244 1031 2276; x_wconf 85' lang='lat' dir='ltr'>Gaudet</span> <span class='ocrx_word' id='word_1_282' title='bbox 1048 2244 1241 2276; x_wconf 85' lang='lat' dir='ltr'>Honoratum</span> 
     </span>
    </p>

    <p class='ocr_par' dir='ltr' id='par_1_30' title="bbox 947 2291 1367 2331">
     <span class='ocr_line' id='line_1_85' title="bbox 947 2291 1367 2331; baseline 0.005 -9"><span class='ocrx_word' id='word_1_283' title='bbox 947 2291 1011 2330; x_wconf 82' lang='lat' dir='ltr'>J&#39;am</span> <span class='ocrx_word' id='word_1_284' title='bbox 1035 2300 1130 2331; x_wconf 88' lang='lat' dir='ltr'>super</span> <span class='ocrx_word' id='word_1_285' title='bbox 1154 2295 1240 2324; x_wconf 83' lang='lat' dir='ltr'>astra</span> <span class='ocrx_word' id='word_1_286' title='bbox 1264 2292 1367 2324; x_wconf 85' lang='lat' dir='ltr'>situm.</span> 
     </span>
    </p>
   </div>
  </div>
 </body>
</html>
