1679 2491
714 95 964 130 —213—

332 183 384 215 Ad
409 184 671 220 Matutinum.

394 258 605 287 Invitatorium.

261 314 416 346 Christum
440 324 542 355 regem
569 317 732 350 adoremus

305 369 410 393 omnes
436 361 510 393 Sion
534 362 627 403 filiae,

261 408 465 440 Patronorum
489 409 660 441 Hiberniae

306 454 455 494 reliquiae
479 459 551 487 sunt
576 457 755 490 translatae.

323 594 368 625 In
395 596 424 628 1.
450 594 676 628 Nocturno.

405 668 596 704 Antiphonae.

203 726 234 759 1.
259 725 423 764 Patricius,
450 724 598 757 Columba

305 774 336 801 et
355 771 486 811 Brigida
511 770 630 802 fructus

257 816 382 849 Donant
405 819 440 848 ut
464 818 634 848 crescentia

301 864 387 903 ligna
410 871 497 895 secus
521 862 642 894 fluctus.

198 931 230 961 2.
256 928 368 969 Reges,
395 928 479 967 cleri,
500 928 610 967 populi

300 974 391 1006 Duno
417 976 626 1006 convenerunt

256 1021 299 1054 Et
325 1022 364 1052 de
386 1020 470 1053 fossa
493 1021 604 1053 tumuli

301 1068 451 1099 Patronos
475 1068 622 1099 tulerunt.

198 1134 229 1165 3.
255 1134 406 1164 Patronos
433 1132 630 1169 dormientes,

300 1179 363 1210 Diu
386 1182 558 1219 soporatos,

251 1226 377 1258 Laudat
399 1227 500 1257 clerus
523 1225 658 1265 gestiens

299 1272 432 1303 Pulvere
455 1272 585 1306 levatos,

389 1373 592 1407 Responsoria.

197 1439 225 1470 1.
254 1438 339 1470 Glari
364 1441 395 1469 et
420 1438 536 1477 egregii

297 1485 370 1516 olim
395 1484 486 1516 Duno
514 1484 657 1516 tumulati

249 1531 369 1563 Milites
394 1531 488 1570 beati,

296 1580 370 1617 post
393 1580 535 1616 tempora
557 1577 656 1609 multa
679 1576 785 1616 levati,

185 1624 221 1656 V.
246 1625 424 1656 Emendent
447 1626 546 1656 status

298 1674 421 1703 nostros
446 1672 595 1711 tergendo
620 1673 734 1704 reatuS.

192 1743 223 1773 2.
250 1741 269 1773 J
271 1741 365 1780 aspis,
390 1741 540 1781 topasius,

297 1788 460 1827 saphyrus,
486 1788 604 1819 lumina
627 1790 761 1828 tergens,

251 1835 456 1866 Patronorum
480 1834 575 1872 rivus,

296 1881 437 1919 paradisi
459 1878 586 1912 flumina
610 1888 763 1920 mergens,

189 1928 224 1960 V.
251 1928 382 1959 Terram
406 1927 561 1967 purgavit,

299 1975 449 2014 populum
473 1973 661 2013 baptismate
685 1973 771 2005 lavit.

193 2047 225 2079 3.
251 2044 349 2083 Mors,
375 2043 486 2083 morbi,
512 2044 620 2082 maria,

296 2092 404 2131 pestis,
430 2091 602 2132 praestigia
626 2099 714 2130 vana,

253 2138 395 2171 Carceris
420 2138 559 2178 angaria,

297 2186 437 2226 daemon,
453 2192 653 2225 quaecunque
664 2183 798 2223 profana

184 2233 222 2265 V.
250 2233 395 2266 Patronis
422 2232 545 2272 cedunt,

296 2279 419 2312 Christo
461 2288 536 2320 gens
571 2277 694 2319 perfida
731 2286 796 2310 crc-

577 2328 662 2359 dunt

991 191 1037 222 In
1061 192 1091 222 2.
1117 190 1342 224 Nocturno.

1069 255 1251 290 Antiphonae
1256 275 1262 281 .

894 333 901 340 .
927 307 1021 338 Pater
1044 309 1168 346 patrum
1192 308 1285 340 hodie

973 353 1176 392 Sepulchrum
1200 358 1354 386 sacratum

925 399 1079 432 Reddidit
1103 401 1252 433 ecclesiae

971 445 1039 477 Sibi
1064 448 1317 479 commendatum.

892 524 899 531 .
924 500 1073 533 Dominus
1099 504 1247 540 patronos

972 551 1092 579 nostros
1114 548 1179 586 jam
1203 548 1398 589 glorificavit,

925 592 954 624 E
978 595 1095 625 tumulo
1121 594 1223 626 clerus

973 640 1045 671 dum
1068 640 1200 679 pignora
1222 650 1312 673 sacra
1334 643 1459 675 levavit.

892 720 899 726 .
927 695 1005 726 Ossa
1028 699 1228 734 patronorum

968 741 1139 773 Hiberniae
1164 743 1267 775 levata

924 786 989 818 Nos
1014 797 1033 819 a
1053 787 1124 819 labe
1147 789 1291 820 vitiorum

968 833 1104 873 Tergant
1127 843 1220 873 prece
1244 837 1342 874 grata.

1058 917 1260 951 Responsoria.

890 999 895 1004 .
922 971 964 1002 Hi
989 974 1053 1004 tres
1076 973 1131 1004 lux
1155 974 1286 1015 patriae,

966 1018 1057 1051 Duno
1083 1019 1137 1050 diu
1159 1021 1235 1051 tecti
1256 1023 1329 1051 sunt
1352 1023 1446 1060 terra,

927 1064 1065 1104 Regulae
1086 1066 1226 1103 justitiae

967 1111 1126 1143 latitantes
1150 1112 1274 1144 saecula
1297 1114 1404 1154 multa,

888 1185 894 1191 .
920 1157 1011 1188 Nunc
1039 1159 1291 1191 demonstrantur

968 1206 999 1235 et
1020 1204 1189 1244 publicitus
1215 1209 1412 1239 venerantur.

864 1269 871 1275 ·
888 1285 895 1293 .
922 1259 1049 1300 vacate,
1075 1262 1193 1300 gentes,

967 1306 1092 1345 patroni
1115 1315 1244 1346 magnac
1265 1308 1440 1348 probitatiS,

923 1351 1065 1384 Gaudete
1088 1351 1208 1393 flentes,

965 1402 1071 1437 patres
1096 1399 1264 1432 immensae
1288 1401 1425 1440 pietatis,

885 1470 893 1477 .
921 1444 1128 1485 Compedibus
1157 1449 1245 1478 natos

967 1493 1127 1531 culparum
1151 1493 1263 1524 solvite
1287 1494 1421 1526 strictos.

887 1573 894 1581 .
921 1547 1055 1588 Quisque
1079 1550 1280 1588 patronorum

968 1595 1139 1627 Hiberniae
1162 1597 1280 1628 semina
1303 1597 1382 1628 sevit

918 1641 1017 1673 Terra
1042 1643 1215 1682 Scotorum,

966 1697 1025 1728 quo
1050 1688 1169 1720 fructus
1195 1689 1285 1729 copia
1309 1690 1415 1729 crevit,

885 1760 892 1767 .
917 1734 1010 1767 Nunc
1032 1735 1156 1767 steriles
1179 1738 1299 1767 mentes

966 1782 1049 1813 cibat
1072 1782 1208 1821 undique
1231 1781 1415 1814 reficientes.

985 1875 1029 1906 In
1056 1876 1085 1907 3.
1112 1874 1169 1905 No
1181 1877 1337 1910 cturno.

1065 1938 1254 1973 Antiphonae.

887 2016 894 2023 .
920 1989 1104 2022 Innocentes
1128 1992 1269 2023 manibus

969 2039 1000 2067 et
1024 2037 1119 2069 corde
1142 2037 1201 2069 hoc
1224 2040 1338 2072 mundo

921 2083 1166 2116 Transieruntur
1190 2086 1318 2118 canticis

968 2131 1050 2162 clero
1074 2131 1273 2165 laetabundo.

886 2212 893 2219 .
919 2186 1005 2219 Deus
1031 2186 1189 2219 desideria

966 2234 1071 2266 Patris
1096 2234 1289 2276 adimplevit,

920 2281 982 2314 Per
1003 2290 1093 2321 quem
1116 2282 1148 2313 in
1174 2282 1327 2317 Hibernia

970 2329 1066 2361 Fides
1090 2329 1230 2362 inolevit.
