1656 2491
729 93 956 128 ..43-

674 189 719 218 lu
744 188 778 218 2.-
799 186 1011 224 Vesperis.

724 247 768 274 Ad
786 246 961 283 Magnificat.

603 306 643 337 A.
668 305 724 335 Vir
747 304 914 335 immensae
938 303 1084 344 caritatis,

669 350 753 381 Fons
777 349 870 380 totius
893 349 1074 387 honestatis,

671 394 786 426 Summi
810 395 892 434 regis
915 394 1033 433 palatio

667 441 737 471 Duc
759 448 815 471 nos
839 443 891 470 tuo
916 440 1060 477 suffragio

669 486 911 523 Sanctorumque
934 485 1087 516 consortio

667 532 734 562 Tua
754 531 866 570 jungat
888 531 997 562 oratio.

286 602 357 628 Brev
392 601 543 628 Briocense
570 600 638 633 imp.
662 598 825 626 Redonibus
852 595 931 625 1548.
956 613 993 616 —
1017 596 1052 622 In
1079 594 1103 622 1.
1129 596 1212 623 Noct.
1238 593 1261 622 Α
1290 593 1318 628 1,
1348 591 1366 621 3
1392 595 1481 622 Ortus

212 638 306 665 traxit.
325 651 361 656 —
379 638 414 664 1n
432 634 458 663 2.
477 637 559 663 Noct.
580 634 601 661 Α
620 633 646 669 2,
668 634 684 662 1
705 634 738 661 Si
757 635 822 669 quis
842 635 941 661 sancti.

631 742 671 772 15.
710 740 752 771 De
771 742 874 771 sancto
893 740 1059 780 Arnulpho.

346 816 390 847 In
417 816 445 847 1.
472 814 682 854 Vesperis.

392 868 437 895 Ad
454 868 628 903 Mag-nificat.

215 916 252 946 A.
278 915 480 953 Vapincensis
502 915 634 945 laetetur
660 914 768 945 civitas

277 960 357 991 Novi
381 960 454 991 solis
478 961 610 991 lustrata
630 960 728 998 radio,

277 1005 393 1036 Vernet
402 1006 433 1036 in
447 1008 478 1035 te
489 1005 577 1043 fides,
595 1014 676 1045 spes,
691 1005 812 1044 caritas,

277 1051 382 1082 Omnis
406 1051 515 1089 culpae
539 1055 638 1081 cesset
660 1051 779 1082 occasio

275 1096 312 1128 In
336 1097 394 1127 hoc
417 1097 462 1127 tui
485 1097 584 1135 patris
608 1096 765 1134 solemnio,

275 1142 368 1179 Quem
392 1143 584 1173 commendat

323 1189 425 1218 carnis
448 1188 618 1226 integritas,

276 1232 393 1264 Norma
410 1233 491 1264 vitae
505 1242 623 1264 morum
640 1232 811 1273 frugalitas,

276 1278 369 1310 Verbi
394 1279 489 1318 vigor,
514 1287 603 1310 sacra
628 1278 789 1311 confessio.

338 1357 398 1387 Ad
420 1355 681 1388 Matutinum.

405 1405 615 1431 Invitatorium.

273 1445 351 1485 Regi
374 1455 479 1485 regum
505 1447 636 1477 creatori

275 1492 394 1523 Psallat
415 1492 541 1530 plausus
565 1493 656 1531 hujus
682 1493 777 1532 chori,

276 1537 332 1575 Qui
356 1538 505 1568 trasvexit
529 1539 569 1569 ad
595 1539 737 1569 decorem

276 1582 360 1615 Coeli
384 1592 470 1614 suum
496 1583 710 1617 confessorem.

339 1656 384 1687 In
410 1658 439 1689 1,
466 1656 688 1690 Nocturno.

416 1705 604 1740 Antiphonae.

243 1777 249 1783 .
277 1750 445 1783 Gallicanis
470 1756 554 1784 ortus
581 1754 619 1784 de
642 1753 783 1792 partibus

274 1797 373 1829 Glaris
380 1797 652 1838 fulsitArnulphus
660 1800 812 1839 patribus,

277 1842 352 1875 Ortu
376 1853 463 1875 sacro
487 1845 627 1876 minister
650 1846 775 1877 Domini

272 1888 440 1921 Decoravit,
463 1894 595 1922 castrum
621 1891 800 1923 Vendocini.

241 1967 248 1975 .
273 1943 335 1974 Hic
358 1944 396 1975 ab
420 1946 508 1978 aunis
531 1946 758 1980 adolescentiae

271 1989 403 2021 Literali
428 1990 519 2022 datur
543 1992 699 2031 scientiae,

272 2034 347 2066 Mox
373 2036 484 2067 divinis
509 2038 652 2069 insistens
677 2038 796 2070 actibus

272 2081 474 2113 Admirandis
499 2082 585 2115 fulsit
610 2084 784 2116 virtutibus.

240 2160 247 2168 .
274 2137 393 2175 Spretis
414 2147 492 2177 puer
517 2140 617 2171 carnis
640 2140 796 2173 illecebris

272 2183 316 2215 Et
337 2185 500 2216 mundanis
523 2184 637 2225 fugatis
661 2187 796 2219 tenebris

272 2232 370 2261 Artae
386 2231 468 2262 vitae
480 2240 609 2271 sequens
621 2234 812 2273 propositum

273 2276 487 2308 Monachalem
511 2280 646 2318 suscepit
663 2280 810 2314 habitum.

1073 812 1274 846 Responsoria.

883 867 911 899 1.
939 867 1093 899 Simoniae
1114 867 1251 906 pollutus
1274 866 1396 897 macula

936 913 1121 945 Praesulare
1142 912 1290 951 Ripertus
1315 912 1417 951 desiit,

938 959 1138 998 Vapincensis
1161 967 1234 989 mox
1257 966 1316 997 ope
1339 958 1449 989 sedula

935 1004 1041 1036 Clerus
1065 1013 1179 1044 papam
1203 1005 1375 1035 Romanum
1399 1003 1479 1035 adiit

934 1051 978 1081 Et
1000 1050 1038 1082 ab
1063 1051 1132 1089 ipso
1157 1051 1290 1089 supplex
1313 1050 1443 1088 expetiit,

936 1096 1043 1127 Virum
1067 1096 1192 1136 dignum
1215 1096 1349 1134 pastoris
1365 1094 1476 1136 infula,

899 1175 905 1181 .
930 1152 1008 1182 Vult
1030 1151 1091 1181 sibi
1113 1150 1258 1190 praeberi

979 1197 1112 1235 supplex
1136 1196 1259 1228 devotio
1283 1196 1370 1228 cleri.

901 1293 908 1301 .
933 1270 1107 1301 Alexandri

981 1315 1055 1354 vigil
1078 1315 1232 1347 industria

932 1361 996 1392 Dat
1023 1361 1219 1400 Arnulphum

979 1416 1013 1438 se
1035 1407 1273 1446 postulantibus,

934 1455 1029 1490 Quem
1053 1453 1176 1490 virtute,

983 1506 1072 1537 quem
1095 1499 1314 1538 praerogantia

937 1542 1178 1576 Praeferendum

984 1594 1089 1620 censet
1112 1590 1303 1628 hominibus3

936 1635 1028 1667 Hunc
1040 1635 1177 1668 honestis
1189 1640 1331 1667 ornatum
1340 1638 1480 1669 moribus

936 1681 1138 1721 Vapincensis
1164 1683 1238 1713 colit,
1262 1683 1402 1715 ecclesia.

899 1761 906 1768 .
931 1736 1069 1767 Maxima
1092 1746 1251 1768 sacrorum

980 1783 1035 1813 lux
1051 1781 1151 1822 fulget
1163 1783 1197 1814 in
1213 1784 1272 1815 hoc
1285 1785 1476 1818 meritorum.

900 1881 907 1887 .
932 1857 1013 1888 Dum
1032 1856 1183 1888 Valernae
1206 1860 1299 1890 castri
1314 1859 1476 1892 basilicam

934 1903 1135 1934 Veneraudus
1161 1909 1300 1936 sacraret
1322 1906 1474 1946 pontifeX,

932 1949 983 1980 Ab
1009 1949 1129 1980 excelso

977 2004 1035 2034 per
1057 1999 1177 2034 partem
1201 1997 1353 2029 lubricam

933 2041 1053 2080 Lapsus
1071 2042 1196 2080 quidam
1208 2043 1334 2081 jacebat
1349 2045 1475 2086 artifex,

936 2087 992 2119 Cui
1015 2087 1085 2125 pius
1108 2089 1248 2120 levamen
1272 2089 1379 2130 opifex

933 2133 997 2165 Dat,
1018 2142 1076 2172 per
1099 2143 1210 2174 aquam

979 2188 1162 2220 crucemque
1184 2183 1354 2223 medicam3

898 2258 905 2266 .
931 2235 1014 2266 Fons
1039 2236 1139 2268 scelus
1164 2242 1301 2279 enervat,

980 2291 1055 2313 crux
1079 2291 1217 2322 quaeque
1239 2284 1346 2318 fidelia
1361 2291 1476 2320 servat.
