1656 2491
753 116 979 149 ..22-

440 212 640 248 Responsoria.

249 267 279 300 1.
307 265 381 297 Cum
404 266 536 296 intraret
558 270 614 293 rex
637 260 769 299 opimam

351 320 419 342 cum
445 309 510 341 filia
534 307 676 344 Galliam,

304 357 398 388 Venit
419 356 519 386 locum
541 355 666 383 sanctae
687 350 799 387 Ferae,

352 405 399 433 est
422 400 502 439 quod
523 396 751 433 monasterium,

239 448 276 480 V.
302 447 414 478 Natam
439 447 529 484 pater
552 451 610 480 quo
636 439 752 472 dicavit

350 490 474 523 servitio
498 486 631 519 Domini.

250 549 280 578 2.
306 545 476 576 Informata
500 540 672 579 disciplinis

350 589 467 621 ordinis
489 586 666 618 monasticis

305 634 419 666 Christi
442 633 528 671 virgo
554 630 754 662 corruscabat

349 680 394 711 uti
417 679 536 717 lampas
561 675 689 717 fulgida,

239 726 277 758 V.
302 725 382 756 Erat
405 724 485 755 enim
509 723 657 754 servitute

352 771 412 802 Dei
437 768 632 800 continentia.

250 828 279 858 3.
305 826 357 857 Ad
381 825 548 856 orationem
571 823 658 861 prior

354 874 384 902 et
407 870 448 901 ad
471 877 607 899 mensam
630 867 750 898 tardior

306 916 457 948 Veniebat
479 914 659 952 Adalberga

349 963 414 1000 jam
438 961 504 991 Deo
530 959 695 996 carissima,

242 1008 280 1039 V.
306 1008 343 1039 111
368 1006 506 1044 exemplo
532 1005 648 1035 cunctis
674 1006 741 1034 erat

353 1052 517 1083 benedicta
541 1050 664 1081 femina..

252 1110 283 1140 4.
309 1108 366 1139 Pia
389 1109 488 1137 mater
512 1103 647 1146 [sancta]
673 1104 757 1134 Fara

356 1161 422 1183 011111
447 1152 575 1182 sentiret
599 1150 725 1190 obitum,

308 1198 406 1229 Dedit
429 1198 457 1228 ei
481 1197 520 1227 ad
544 1196 711 1235 regendum

358 1243 531 1274 concionem
555 1242 718 1280 virginum,

243 1289 281 1320 V.
305 1288 421 1320 Dicens
445 1289 545 1326 ipsam
571 1287 695 1325 dignam
721 1283 816 1326 [fore]

354 1337 458 1365 tantae
481 1333 528 1363 rei
552 1333 648 1371 apice.

373 1434 417 1465 111
442 1435 473 1466 3.
497 1433 723 1463 Nocturno.

445 1496 647 1530 Responsoria.

255 1549 285 1580 1.
310 1548 399 1579 Mitis
421 1548 498 1578 hera
522 1556 625 1578 curam
649 1546 766 1577 habens

355 1594 525 1624 animarum
548 1593 722 1629 maximam,

309 1638 537 1678 Scripturarum
561 1639 658 1670 sacris
682 1637 785 1669 verbis

356 1685 459 1716 alebat
483 1693 520 1715 ac
544 1685 652 1723 epulis,

244 1730 281 1763 V.
307 1730 419 1770 Sicque
443 1731 560 1761 cunctis
584 1730 766 1761 multimoda

355 1777 524 1816 augebatur
546 1776 679 1808 bonitas,

253 1833 283 1863 2.
309 1830 378 1869 Die,
403 1832 498 1871 Deus,
523 1832 556 1862 111
580 1832 709 1862 8010111111

356 1878 553 1917 Adalbergae
577 1877 705 1916 virginis

309 1922 452 1954 Laudum
475 1922 562 1954 favos
588 1926 804 1962 aggregantem

357 1969 476 2006 respice
500 1968 659 2007 familiam,

898 207 936 239 V.

906 308 937 339 3.

962 206 1019 244 Qui
1043 204 1197 243 gubernas
1222 208 1344 232 omnem
1359 195 1511 229 mundum

1009 258 1105 289 aequo
1128 245 1352 278 moderamine.

961 305 1104 337 Prudens
1127 303 1215 341 virgo
1240 299 1432 338 Adalberga‚

1009 349 1176 381 virtutibus
1199 346 1319 384 inclita,

962 396 1014 428 Ad
1038 395 1163 434 nuptias
1188 392 1299 424 summi
1322 389 1430 429 sponsi
1449 414 1467 429 ,¹

1010 450 1079 472 cum
1103 439 1227 471 ardenti
1250 435 1407 475 lampade,

965 487 1029 524 Quo
1053 495 1111 525 pro
1135 485 1224 516 nobis
1248 482 1434 519 intercedat,

1007 532 1143 563 evolavit
1165 530 1268 568 hodie,

964 576 1148 609 Gratulatur
1169 576 1234 613 jam
1260 572 1380 604 choreis

1010 622 1119 653 addita
1142 620 1300 659 virgineis.

1075 740 1136 771 Ad
1160 739 1337 770 Laudes.

1111 812 1301 846 Antiphonae.

965 869 1153 901 Veneranda
1176 867 1270 899 valde
1293 866 1383 897 nobis

1010 915 1193 953 Adalberga
1215 913 1303 951 virgo
1329 914 1386 948 est,

964 961 1025 992 Est
1047 960 1157 1000 quibus
1182 968 1201 990 a
1223 958 1290 990 Deo
1317 958 1391 989 data

1015 1006 1154 1045 corporis
1178 1004 1366 1043 praesentia.

971 1061 1110 1092 Christus
1121 1067 1254 1098 namque
1266 1067 1323 1097 per
1336 1059 1417 1089 hanc
1426 1066 1517 1088 suam

1014 1107 1186 1146 spiritalem
1211 1104 1360 1136 famulam

968 1153 1078 1184 Multis
1103 1151 1161 1182 fuit
1186 1152 1356 1182 animarum

1014 1199 1097 1229 salus
1122 1201 1214 1236 atque
1239 1204 1412 1235 corporum.

939 1277 945 1283 .
971 1253 1069 1284 Beata
1092 1261 1207 1291 sponsa
1230 1251 1356 1283 Domini

1015 1307 1090 1330 vei-o
1114 1298 1250 1329 militans
1275 1297 1343 1336 regi

971 1344 1012 1376 Se
1034 1353 1096 1375 non
1119 1344 1293 1382 implicavit
1316 1343 1409 1381 huJ'us

1016 1390 1133 1421 saeculi
1155 1390 1297 1429 negotiis,

971 1445 1173 1477 Exsultantes
1199 1445 1408 1475 collaudemus

1017 1491 1124 1523 Jesum
1147 1491 1267 1531 magnis
1291 1490 1429 1529 vocibuS,

970 1536 1086 1568 Sancta
1108 1545 1165 1575 per
1190 1545 1280 1576 quem
1304 1536 1486 1575 Adalberga

1017 1585 1127 1623 regnat
1148 1584 1182 1613 in
1208 1582 1403 1615 coelestibus,

1042 1703 1086 1733 In
1112 1705 1143 1735 2.
1169 1703 1380 1741 Vesperis.

1094 1775 1138 1802 Ad
1156 1775 1332 1811 Magnificat.

906 1832 949 1862 A.
976 1830 1092 1864 Christi
1115 1832 1204 1871 virgo
1228 1834 1357 1863 sanctae
1379 1831 1487 1863 Farae·

1020 1878 1132 1909 edocta
1155 1878 1307 1910 institutis

973 1924 1079 1955 Mater
1105 1925 1226 1955 exstitit
1248 1925 1407 1963 praesenti

1019 1971 1088 2002 1000
1113 1970 1347 2011 benignissima.

322 2046 404 2073 Brev.
432 2056 480 2073 ms.
509 2049 633 2075 Farense
661 2057 734 2075 saec.
766 2049 808 2077 14.
845 2051 912 2078 Cod.
937 2052 1077 2080 Mazarin.
1103 2051 1157 2080 349
1181 2052 1265 2085 (761).
1291 2069 1324 2072 —
1353 2053 1526 2089 Diejenigen

250 2082 363 2116 bmcke,
384 2084 490 2110 welche
510 2093 560 2110 zur
572 2085 816 2128 Vollstiindigkeit
834 2088 883 2114 des
897 2088 1043 2117 Officiums
1062 2091 1166 2124 felilen,
1187 2092 1242 2117 wie
1255 2091 1301 2117 die
1315 2088 1363 2117 ΑΑ
1377 2091 1415 2118 ad
1426 2092 1525 2127 Magn.

251 2119 287 2145 ad
307 2118 386 2146 Cant.
407 2120 441 2146 ad
454 2120 523 2163 Ben.
537 2124 603 2163 pte„
623 2122 687 2147 sind
705 2123 785 2149 nieht
803 2125 834 2150 in
851 2125 1014 2158 poetiseher
1026 2127 1112 2154 Form
1132 2128 1275 2163 abgefasst
1297 2143 1333 2146 —
1346 2129 1382 2155 In
1403 2127 1428 2155 1.
1441 2129 1524 2156 Noct-

251 2153 273 2181 Α
287 2153 328 2198 ¹42,
354 2154 371 2182 2
391 2156 560 2198 pulchrioris
579 2158 632 2184 Hs.
652 2172 686 2176 -—
708 2156 728 2183 R
751 2158 781 2191 1,
807 2158 824 2187 3
844 2169 885 2196 sq.
906 2170 980 2196 pura
996 2166 1091 2190 mente
1111 2164 1256 2191 celebrare
1274 2165 1328 2191 Hs.
1348 2180 1386 2184 -
1406 2164 1426 2190 Β
1447 2164 1465 2191 2
1508 2164 1527 2193 3

252 2194 296 2218 uti
316 2195 360 2219 est
377 2200 514 2226 majorum
534 2194 587 2219 Es.
607 2209 642 2213 -—
662 2195 697 2221 In
715 2193 741 2221 2.
760 2196 842 2223 Noct.
862 2197 884 2224 Α
904 2198 929 2232 5,
953 2197 971 2224 2
989 2201 1155 2227 recordatus
1175 2204 1220 2228 est
1238 2202 1290 2228 Hs.
1310 2216 1345 2219 —
1369 2199 1389 2226 R
1410 2200 1427 2227 2
1456 2186 1480 2228 4¹
1494 2205 1528 2229 ut

252 2228 363 2262 lampas
381 2229 435 2256 Hs.
457 2243 490 2247 —
511 2227 531 2254 B
552 2228 577 2259 2,
598 2228 615 2256 6
633 2231 750 2258 Domini
769 2235 946 2261 continentia
963 2236 1017 2263 Hs.
1030 2251 1067 2256 —
1080 2238 1116 2263 In
1135 2235 1161 2264 3.
1177 2238 1260 2264 Noct.
1282 2235 1303 2262 R
1324 2235 1349 2269 2,
1371 2235 1389 2262 2
1408 2222 1526 2266 sanctae

251 2265 428 2308 {adalbergae
439 2265 547 2308 Hs.·—·
557 2266 591 2308 In
609 2265 635 2292 2.
649 2268 734 2302 Vesp.
748 2269 785 2295 ad
796 2270 893 2305 Magn.
907 2269 929 2297 Α
944 2270 969 2304 2,
983 2270 1001 2297 2
1020 2274 1143 2307 virginis
1159 2274 1261 2300 edocta
1272 2274 1327 2299 Hs.
1340 2287 1378 2291 —
1390 2273 1527 2307 Hymnus

251 2310 283 2328 111
303 2300 327 2328 1.
347 2302 448 2336 Vesp.:
466 2302 596 2336 Virginis
614 2304 711 2337 prolis,
730 2306 762 2331 in
779 2307 885 2333 Laud.:
904 2309 980 2335 Nam
999 2308 1047 2334 hie
1066 2310 1197 2343 quiescit.
