1679 2491
187 1704 221 1735 V.

188 2161 217 2190 2.

707 95 956 130 -109—

323 185 368 217 In
392 187 425 219 2.
450 187 506 219 No
519 191 676 222 cturno.

401 250 594 286 Antiphonae.

226 323 233 331 .
259 300 302 332 Et
326 301 408 340 quod
433 303 637 341 praedicabat
661 313 724 343 ore,

305 347 472 379 exhibebat
495 357 599 390 opere,

257 392 303 425 Ut
326 393 435 425 audire
458 399 631 426 mereretur

303 438 376 470 boni
401 440 484 471 servi
508 441 605 480 Euge.

258 495 396 533 Cumque
419 495 511 526 nimis
536 497 680 527 rutilaret

304 541 443 571 caritatis
465 541 621 581 lampade,

258 586 334 618 Jure
358 586 418 617 sibi
443 587 623 619 arridebant

304 635 337 663 et
358 632 490 664 virtutes
515 636 646 665 ceterae.

223 711 229 717 .
256 686 363 718 Dabat
387 688 465 719 enim
490 692 596 727 potum
620 688 681 726 siti,

304 732 405 763 cibum
430 732 512 765 fame
535 734 661 775 tabidiS,

255 778 380 808 Vestem
405 779 508 818 nudis,
533 782 648 810 tectum
672 779 769 819 vagis,

301 823 548 863 supplementum
572 826 737 866 languidis.

394 897 597 932 Responsoria.

223 974 228 979 .
256 947 315 985 Qui
338 949 466 980 lucerna
489 950 672 981 constitutus

297 994 362 1032 jam
387 1003 481 1034 super
506 996 700 1028 candelabris

253 1039 384 1078 Copiose
408 1042 591 1072 attendebat

299 1094 423 1126 gregem
448 1086 508 1118 sibi
534 1088 695 1127 creditum,

217 1154 224 1161 .
250 1131 389 1164 Hortans
414 1141 483 1164 eum
506 1135 546 1165 ad
572 1143 738 1173 supernum

302 1176 452 1209 festinare
475 1179 626 1211 bravium.

221 1256 227 1262 .
256 1232 354 1264 Caeco
378 1234 478 1264 visum
502 1236 661 1273 reparavit

303 1279 369 1317 eJus
393 1288 503 1318 sparsa
527 1281 623 1311 oculis

253 1325 399 1363 Lympha
421 1325 544 1357 stillans
566 1335 605 1356 ex
629 1326 744 1358 ablutis

298 1370 441 1402 manibus
464 1371 630 1412 pontificis,

251 1417 347 1455 Quem
376 1417 548 1456 perfectum
573 1419 800 1458 probatumque

302 1463 430 1494 colliriis
453 1465 580 1495 exstitit.

220 1541 228 1548 .
253 1519 346 1549 Alter
372 1527 479 1550 caecus
503 1519 674 1557 postulavit

297 1564 337 1596 ab
363 1573 398 1596 eo
419 1566 620 1605 praesidium,

252 1610 308 1642 Cui
331 1612 458 1649 praesul
482 1613 670 1644 restauravit

295 1657 419 1689 luminis
444 1656 590 1697 officium,

248 1704 368 1735 Pronus
391 1703 487 1735 miser
510 1703 717 1736 acclamabat:

296 1748 354 1788 fer,
380 1753 480 1789 pater,
507 1750 664 1781 auxilium.

313 1846 360 1877 In
386 1847 418 1879 3.
443 1847 667 1879 Nocturno.

392 1909 584 1946 Antiphonae.

217 1990 222 1996 .
248 1962 413 1994 Rutilabat
437 1965 603 1993 exornatus

291 2007 370 2041 flore
392 2009 611 2048 parsimoniae,

246 2055 340 2088 Unde
363 2055 441 2087 mire
465 2054 650 2086 redolebant

290 2101 410 2134 fructus
436 2101 652 2136 abstinentiae.

246 2158 327 2191 Nam
351 2158 474 2191 labores
501 2160 532 2188 et
555 2166 729 2198 aerumnas,

290 2204 374 2236 sitim
399 2207 432 2235 et
453 2204 575 2236 inedias

242 2252 438 2292 Algoresque
463 2251 663 2290 computabat

289 2307 347 2339 pro
372 2298 497 2331 Christo
523 2297 660 2330 delicias.

871 192 902 223 3.
927 190 1056 222 Talibus
1079 190 1236 229 ‘tantisque
1258 190 1354 230 signis

973 237 1120 269 virtutum
1144 236 1325 276 conspicuus

926 282 1081 314 infulatur
1106 283 1192 322 cleri,
1216 282 1318 322 plebis

973 328 1153 367 ordinisque
1176 329 1329 361 laudibus.

1064 401 1267 436 Responsoria.

870 453 900 484 1.
925 452 1009 483 Dum
1031 452 1159 484 offertur
1182 454 1249 485 viro
1273 453 1333 484 Dei

973 499 1097 538 quidam
1122 499 1322 539 paralyticus,

927 542 1096 575 Confestim
1121 545 1249 583 expulso
1272 544 1383 576 morbo

971 590 1096 621 sanitati
1120 590 1262 622 redditus

859 636 898 668 V.
925 636 1094 667 Sacerdote
1116 645 1175 675 pro
1198 637 1319 668 misello

972 685 1081 713 orante
1106 682 1256 715 devotius.

868 737 898 767 2.
923 736 1033 767 Virum
1058 737 1210 775 quendam
1236 738 1386 776 agitatum

969 780 1075 812 furore
1101 782 1278 813 daemonico

921 826 982 858 Dei
1005 835 1113 859 servus
1138 828 1264 859 sanitati

969 873 1058 912 pulso
1082 873 1191 905 reddit
1213 873 1323 906 zabulo

857 918 893 949 V.
922 918 996 950 Oleo
1018 919 1140 949 linitum
1162 927 1250 951 sacro

970 965 1069 995 crucis
1095 973 1163 996 cum
1186 966 1355 1005 signaculo.

866 1021 896 1052 3.
923 1019 947 1051 O
972 1019 1100 1058 superni
1126 1023 1303 1051 senatorum

970 1073 1090 1104 gemma
1112 1066 1252 1105 capitolii

922 1112 1027 1150 Atque
1050 1112 1136 1142 sidus
1157 1112 1223 1151 jam
1248 1113 1381 1144 coeleste

968 1157 1096 1188 victoris
1120 1158 1235 1197 eximii,

922 1203 1106 1242 Dompnole‚
1132 1203 1221 1235 nobis
1246 1204 1362 1236 aeterni

967 1250 1047 1280 iram
1071 1249 1163 1288 placa
1181 1250 1306 1289 judicis,

858 1295 894 1326 V.
922 1293 979 1332 Qui
1006 1296 1185 1333 conjunctus
1210 1296 1353 1334 gloriaris

969 1341 1106 1372 coetibus
1131 1341 1294 1373 aethereis

1030 1461 1089 1492 Ad
1113 1460 1286 1494 Laudes

1065 1524 1248 1559 Antiphonae

863 1576 892 1608 1.
918 1576 971 1607 Ad
995 1576 1121 1614 superni
1147 1577 1229 1615 regis
1253 1577 1380 1609 laudem

966 1622 1059 1653 decus
1083 1625 1176 1661 atque
1199 1623 1331 1662 gloriam

920 1667 1082 1700 Transitus
1107 1668 1191 1700 beati
1216 1669 1276 1700 viri

967 1715 1141 1753 digeramus
1166 1715 1317 1746 ordinem.

862 1770 894 1801 2.
919 1768 1140 1801 Dissolutionis
1164 1778 1239 1800 suae

963 1815 1143 1846 imminente
1164 1818 1304 1854 tempore

919 1860 1011 1891 Diem
1037 1861 1102 1899 eius
1126 1864 1219 1900 atque
1242 1862 1350 1892 horam

963 1906 1123 1946 praedixit
1147 1907 1326 1940 certissime.

862 1964 892 1995 3.
919 1962 984 2001 Quo
1009 1963 1115 1993 audito
1141 1961 1334 1995 confluebant

963 2009 1003 2040 ad
1029 2017 1096 2040 eum
1122 2018 1211 2048 quam
1236 2010 1363 2049 plurimi

917 2055 1107 2087 Medicinam
1134 2059 1348 2094 exspectantes

962 2102 1082 2133 animae
1107 2105 1138 2133 et
1163 2103 1311 2141 corporis.

859 2158 890 2189 4.
917 2156 975 2195 Qui
1000 2157 1113 2189 exinde
1133 2158 1300 2190 redeuntes

960 2204 1157 2236 laetabantur
1179 2206 1323 2246 maxime,

917 2249 1003 2288 Quod
1027 2259 1218 2291 nequaquam
1242 2253 1310 2292 spei
1333 2261 1410 2284 suae

961 2295 1193 2330 frustrabantur
1216 2308 1350 2332 munere.
