1674 2492
220 190 278 224 Cui
302 200 425 230 semper
445 192 567 231 Justitia

262 237 339 269 Fuit
363 239 517 278 comitata,

220 283 317 316 Nobis
344 284 460 317 Christi
484 287 585 324 gratia

264 330 314 362 Da
336 339 434 370 regna
455 330 558 365 beata.

286 452 345 483 Ad
369 452 630 486 Matutinum.

352 525 563 554 Invitatorium.

220 582 372 614 Ludovioi
395 592 477 616 nova
500 584 649 615 solemnia

219 628 318 660 Laeta
343 629 424 660 colat
446 632 546 661 mater
570 631 707 662 ecclesia.

284 748 327 779 In
355 749 383 782 1.
411 749 633 783 Nocturno.

362 822 553 857 Antiphonae.

165 879 195 910 1.
222 878 353 910 Sanetus
377 879 568 910 voluntatem

265 925 303 956 In
326 925 395 963 lege
418 925 478 956 Dei
501 924 580 967 fixit,

223 971 281 1009 Qui
306 971 409 1002 cordis
434 971 603 1011 puritatem

266 1016 419 1057 Servavit,
446 1026 515 1048 cum
537 1018 625 1049 vixit.

164 1085 197 1116 2.
222 1084 251 1114 A
274 1082 341 1113 Deo
370 1083 553 1113 constitutus

267 1129 336 1160 Rex
362 1131 464 1160 custos
489 1129 683 1160 innocentiae

223 1175 296 1207 Cum
323 1183 358 1206 eo
384 1177 564 1206 consecutus

266 1221 326 1252 Est
349 1221 459 1253 solium
483 1221 609 1260 gloriae.

163 1287 195 1318 3.
220 1287 268 1318 Tu
291 1287 441 1325 sanctum,
466 1285 608 1325 Domine,

265 1332 381 1372 Regem
402 1332 576 1372 suscepisti,

221 1377 283 1419 Qui
307 1379 375 1410 sine
400 1378 529 1409 crimine

267 1424 378 1457 Cultor
399 1423 461 1455 fuit
484 1424 610 1456 Chi-isti.

359 1498 561 1533 Responsoria.

163 1557 192 1589 1.
218 1557 286 1588 Rex
310 1564 417 1595 regum
440 1555 522 1594 regis
546 1554 610 1587 filio

263 1602 395 1642 Regales
418 1610 534 1641 parans
558 1602 682 1641 nuptias

218 1650 295 1681 Post
318 1650 474 1680 certamen
498 1648 530 1679 in
555 1648 656 1680 stadio

265 1694 352 1726 Coeli
375 1695 507 1733 praebet
532 1695 658 1727 delicias

219 1742 362 1773 Glorioso
387 1742 588 1781 commerci03

157 1788 190 1821 V.
216 1789 278 1820 Pro
302 1796 397 1827 regno
422 1788 638 1826 temporalium

217 1834 324 1866 Habet
348 1841 475 1873 regnum
500 1834 678 1865 coelestium

217 1881 396 1913 Ludovicus
420 1880 453 1911 in
476 1880 658 1919 praemium.

161 1948 190 1980 2.
219 1946 380 1978 Gloriosus
406 1945 552 1985 apparuit

262 1992 297 2024 In
326 1992 409 2024 cultu
433 1991 652 2034 praesident-is,

217 2040 279 2072 Sed
306 2048 374 2070 cum
399 2039 431 2070 in
458 2038 581 2071 Christo
605 2037 743 2077 praefuit

262 2086 354 2118 More
376 2085 483 2118 David
505 2085 653 2125 ludentis,

215 2134 283 2165 Nec
307 2141 345 2165 ex
369 2133 429 2164 hoc
452 2132 514 2164 sibi
540 2130 638 2164 defuit

260 2180 440 2213 Auctoritas
465 2180 611 2219 regentis.

148 2229 185 2260 V.
212 2228 340 2267 Virgam
364 2227 489 2258 virtutis
514 2226 633 2265 habuit,

213 2276 250 2307 In
275 2283 336 2313 qua
360 2274 458 2306 malos
484 2274 675 2314 compescuit

259 2320 323 2353 Sed
347 2321 403 2353 sub
429 2330 538 2354 norma,
563 2319 731 2353 clementis.

819 382 856 416 V.
882 381 951 414 Rex
977 382 1076 413 erexit
1098 385 1213 413 terram
1238 384 1269 412 ct
1283 381 1415 421 patriam

760 99 826 135 195
875 121 918 127 -

828 198 858 229 3.
876 195 967 228 Felix
974 196 1199 236 regnum,cujus
1205 203 1259 228 rex
1265 195 1424 235 providus,

884 242 1047 284 Pacfficus,
1072 243 1141 282 pius
1167 244 1198 272 et
1220 242 1362 281 pudicuS‚

884 288 920 321 In
942 289 1082 321 adversis
1102 297 1224 328 semper
1239 288 1425 329 intrepidus,

885 335 971 367 Talis
995 334 1054 367 fuit
1078 338 1202 367 sanetus
1225 334 1411 367 Ludovieus.

883 428 940 467 Qui
967 428 1066 467 diligit
1089 429 1176 467 sequi
1198 428 1360 467 justitiam.
1419 408 1426 424 ’

949 539 994 571 In
1017 540 1050 572 2.
1075 539 1131 571 No
1144 541 1301 573 cturno.

1026 602 1218 639 Antiphonae.

830 660 860 691 1.
885 659 1066 691 Mirificavit
1087 659 1237 691 Dominus

930 707 1076 738 Sanctum
1098 713 1201 745 regem
1224 705 1425 750 Francorum,

886 751 978 790 Cujus
1003 760 1085 783 nunc
1109 754 1157 782 est
1176 753 1325 785 terminus

930 798 967 829 In
991 805 1084 837 regno
1109 798 1278 829 beatorum.

830 855 860 886 2.
886 853 923 885 In
946 853 1179 885 misericordiae

931 899 1134 931 Multitudine

995 945 1095 977 Deum
1119 946 1278 986 adorabat,

889 992 966 1029 Quia
990 992 1196 1023 conscientiae

932 1038 1131 1069 Rectitudine

981 1084 1080 1116 Coelis
1103 1084 1253 1116 inhiabat.

830 1141 860 1173 3.
888 1139 996 1172 Gloria
1020 1142 1049 1170 et
1075 1140 1191 1171 honore

933 1186 1055 1225 Regnat
1079 1195 1134 1217 rex
1163 1188 1337 1227 coronatus,

887 1233 945 1272 Qui
969 1240 1090 1270 semper
1112 1233 1145 1263 in
1170 1241 1274 1264 amore

931 1278 990 1310 Dei
1015 1277 1074 1309 fuit
1097 1278 1246 1312 firmatus,

1024 1362 1226 1395 Responsoria.

831 1418 862 1451 1.
886 1418 1084 1456 Pauper-tatis
1107 1418 1196 1456 larga
1216 1417 1366 1457 subsidia,

886 1462 1035 1495 Veritatis
1059 1472 1158 1503 aequa
1177 1463 1306 1503 Judicia,

885 1509 1065 1541 Honestatis
1091 1513 1176 1541 certa
1199 1510 1325 1550 indicia,

886 1556 1066 1588 Sanctitatis
1091 1559 1163 1588 sunt
1185 1557 1362 1588 testimonia

933 1603 983 1634 Pii
1007 1603 1099 1642 regis.

820 1650 859 1682 V.
886 1650 910 1682 Ο
936 1649 1040 1688 quieta
1063 1649 1165 1689 gregis
1188 1650 1351 1688 protectio,

886 1696 910 1728 O
937 1696 1072 1727 discreta
1095 1696 1277 1735 recogitatio

931 1741 1075 1773 Summae
1097 1742 1185 1781 legis.

828 1799 859 1829 2.
884 1797 999 1836 Fulget
1021 1797 1116 1836 signis
1140 1806 1195 1828 rex
1219 1798 1358 1837 insignis,

885 1842 968 1875 Nam
990 1844 1125 1882 aegrotis
1151 1844 1216 1882 ejus
1244 1844 1325 1875 votis

931 1889 1134 1921 Praestantur
1157 1890 1305 1930 remedia,

818 1937 856 1968 V.
883 1936 958 1968 Dati
982 1936 1052 1967 neci
1075 1937 1257 1976 liberantur,

888 1982 1008 2022 Claudi,
1035 1984 1120 2014 caeci
1143 1986 1338 2025 reparantur,

931 2029 1092 2070 Fugantur
1118 2029 1288 2062 daemonia.

829 2086 859 2118 3.
884 2086 1026 2125 Regnum
1050 2086 1157 2118 mundi
1181 2095 1392 2127 supergressus

930 2132 974 2164 Et
999 2132 1063 2172 ejus
1086 2136 1238 2174 ornatum,

883 2180 1024 2219 Regnum
1049 2181 1129 2211 coeli
1149 2181 1214 2219 jam
1234 2180 1392 2221 ingressus

931 2226 999 2258 Sibi
1022 2230 1250 2267 praeparatum,

885 2273 1016 2305 Nostros
1040 2278 1128 2316 regat
1152 2275 1192 2306 ad
1216 2283 1250 2307 se
1274 2284 1398 2315 gressus

932 2321 1007 2352 Post
1030 2321 1113 2353 hunc
1135 2322 1313 2355 incolatum.

1205 2375 1261 2406 13*
