1656 2491
704 54 952 89 -138—

861 146 897 179 V.
922 146 1027 178 Vacca
1049 143 1163 183 gaudet
1189 142 1227 175 de
1251 141 1349 173 vitulo

927 189 1079 222 Redivivo
1102 188 1247 227 diluculo,

971 237 1035 275 Quo
1060 236 1108 267 vir
1131 234 1191 267 fuit
1214 232 1360 265 refectus.

870 303 901 334 3.
926 301 1097 340 Regressus
1120 300 1152 330 in
1178 297 1376 332 Glonardiam

383 152 429 180 Ad
445 149 618 186 Magnificat.

199 202 240 235 A.
266 201 290 232 Ο
315 201 405 238 pater
428 199 517 237 alme,
543 200 638 235 tuum,

310 253 420 277 nomen
444 243 486 274 sit
508 240 740 279 sanctificatum,

266 291 398 323 Vincens
423 287 614 320 daemonium

311 338 449 368 nostrum
471 336 506 364 tu
529 332 618 363 vince
640 333 760 363 reatum

264 384 313 413 Ac
336 383 396 413 <luc
419 380 500 410 hunc
523 378 672 418 populum

308 434 401 466 super
422 424 549 456 aethera
565 422 803 463 magnificatum.

332 517 388 549 Ad
410 516 665 548 Matutinum.

397 575 606 602 Invitatorium.

265 623 464 654 Exsultemus
486 621 641 652 Finniano

312 668 483 700 ,iubilemus
507 666 652 705 diluculo,

268 714 359 751 Cujus
386 714 496 751 dogma
518 712 579 743 fuit
602 710 691 743 favus

313 759 493 790 Praedulcis
516 758 549 789 in
573 757 696 796 populo.

332 850 377 881 ln
403 850 432 881 1.
457 848 680 880 Nocturno.

410 907 601 943 Antiphonae‚

239 980 245 987 .
270 954 416 993 Verbum,
439 955 548 985 mortis
569 953 780 992 pharmacum,

316 1000 412 1031 servit
435 998 502 1030 Deo
523 1002 638 1038 gratus,

271 1045 352 1076 Dum
378 1045 511 1076 doctoris
536 1045 711 1075 cathedram

318 1090 456 1122 ascendit
481 1090 598 1122 beatus.

240 1171 246 1178 .
272 1146 369 1176 Prece
392 1145 492 1176 sancti
515 1144 650 1176 Saxones

317 1192 435 1222 montes
460 1191 653 1229 obtexerunt,

269 1236 319 1267 Ea
340 1244 376 1267 re
398 1236 431 1266 in
454 1236 597 1267 Britones

317 1290 412 1319 quare
436 1279 649 1312 fremuerunt?

216 1356 248 1370 ,,
275 1336 332 1374 Qui
358 1337 397 1367 de
419 1339 471 1366 tuo
495 1336 618 1366 nomine

318 1390 368 1412 me
390 1381 508 1412 vellunt
530 1381 654 1419 ingrati,

275 1427 320 1459 Ut
342 1426 425 1465 quid,
448 1426 557 1465 inquit,
582 1425 714 1457 Domine

320 1474 391 1503 sunt
414 1470 634 1509 multiplicati?

410 1538 610 1573 Responsoria.

243 1614 250 1621 .
273 1588 356 1619 Dum
380 1587 480 1620 fervet
503 1590 544 1620 ad
568 1589 712 1621 aetherea

274 1633 359 1666 Loca
381 1638 490 1674 petens
513 1634 636 1666 siderea

318 1680 435 1712 Summi
457 1680 538 1720 regis
562 1680 687 1718 honore,

274 1726 312 1756 In
335 1727 440 1765 agonis
464 1726 522 1757 hac
545 1735 618 1757 area

281 1771 411 1803 Carnem
438 1773 510 1803 terit
532 1775 635 1803 terrea

321 1818 479 1851 castitatis
503 1826 616 1850 amore.

240 1887 246 1894 .
273 1862 326 1894 Sic
349 1873 383 1895 se
406 1864 503 1896 cinxit
523 1865 646 1895 interea

273 1909 358 1941 Zona
379 1910 526 1949 praedira
546 1909 651 1941 ferrea

319 1955 495 1986 scaturiens
519 1954 648 1988 foetore.

243 2036 249 2042 .
275 2009 370 2042 Trino
394 2008 483 2040 fulsit
505 2010 653 2041 miraculo

275 2055 458 2088 Sanctorum
484 2055 684 2088 tabernaculo

318 2101 462 2140 Hospitio
490 2105 660 2141 susceptus,

273 2147 385 2178 Vivum
408 2146 500 2178 funus
525 2147 659 2187 oraculo,

274 2193 387 2225 Vinum
408 2194 567 2232 lympham
588 2194 622 2225 in
644 2194 769 2226 vasculo

319 2240 368 2271 De
392 2241 476 2271 coelo
501 2243 547 2271 est
570 2241 712 2279 adeptus,

972 347 1025 379 Ad
1050 345 1230 377 cathedram
1254 346 1392 376 lecturae

924 392 1085 433 Appronit
1112 391 1304 430 diligentiam

972 439 1025 470 Ad
1048 437 1182 469 studium
1208 436 1392 475 scripturae,

925 484 1075 522 Adquirit
1097 483 1282 522 sapientiam

972 529 1043 562 Non
1066 532 1170 560 tamen
1194 528 1225 559 vi
1248 529 1399 568 naturae;

892 600 899 608 .
925 575 1009 608 Deus
1032 575 1065 606 in
1091 574 1194 606 dando
1217 573 1349 613 gratiam

926 621 1025 653 Fudit
1047 619 1284 660 intelligentiam

971 666 1015 699 Et
1038 667 1166 697 visionis
1189 673 1297 704 purae.

989 785 1034 816 In
1060 787 1090 816 2.
1117 784 1146 815 N
1157 787 1341 815 octurno.

1071 846 1262 881 Antiphonae.

898 928 904 935 .
930 905 968 937 In
994 903 1153 935 doctrinae
1176 903 1295 941 poculis

975 949 1037 981 Vix
1059 949 1164 980 inveni
1187 956 1306 987 parem,

931 995 1071 1026 Omnium
1096 995 1128 1025 in
1150 994 1246 1026 oculis

977 1041 1023 1073 Te
1048 1048 1115 1071 cum
1138 1041 1325 1072 invocarem.

898 1130 905 1137 .
930 1104 975 1136 Ut
997 1104 1096 1135 brutis
1120 1104 1273 1135 nasturtia

977 1150 1107 1181 Placent
1130 1149 1180 1180 vel
1203 1149 1280 1180 haec
1304 1149 1410 1188 herba,

934 1195 1058 1227 Cunctis
1084 1198 1172 1226 erant
1196 1195 1299 1226 dulcia

976 1241 1123 1272 Finniani
1147 1241 1253 1273 verba.

901 1331 907 1338 .
934 1304 993 1342 Qui
1017 1304 1130 1336 dedisti
1152 1305 1185 1335 in
1209 1305 1326 1336 honore

977 1349 1024 1381 Te
1046 1358 1104 1389 pro
1127 1350 1259 1390 homine,

932 1395 1103 1427 Providisti
1129 1396 1168 1426 de
1192 1396 1318 1427 doctore

979 1441 1086 1480 NobiS,
1111 1441 1253 1473 Domine.

1070 1523 1199 1557 Respons
1203 1523 1272 1550 oria.

900 1602 907 1609 .
931 1577 982 1610 De
1004 1578 1103 1610 Roma
1128 1579 1200 1609 dum
1222 1579 1410 1618 regreditur,

978 1624 1015 1655 In
1038 1627 1124 1656 terra.
1147 1625 1295 1656 Britorali

931 1670 1018 1701 Inter
1042 1678 1130 1701 senes
1155 1671 1194 1701 lis
1219 1671 1318 1702 oritur

979 1716 1027 1747 De
1052 1725 1126 1748 cura
1148 1717 1310 1756 pastorali,

935 1761 1064 1793 Sanctus
1085 1761 1183 1800 judex
1208 1762 1332 1801 eligitur

980 1808 1138 1840 consensu
1160 1817 1197 1839 ex
1222 1809 1361 1847 aequam

902 1878 910 1885 .
933 1853 1085 1893 Linguam
1107 1854 1244 1893 ignotam
1268 1855 1416 1896 loquitur,

933 1899 1037 1931 David
1061 1901 1187 1938 praesul
1211 1898 1346 1932 efficitur

981 1945 1155 1977 Concordia
1178 1946 1287 1977 vocali.

901 2035 907 2042 .
934 2010 1014 2041 Dum
1038 2012 1129 2048 pater
1152 2010 1234 2041 hunc
1257 2013 1458 2050 persequitur·

983 2055 1090 2087 Comes
1113 2056 1324 2096 Lageniensis,

936 2100 1054 2133 Haeres
1078 2102 1218 2133 saeviens
1242 2103 1381 2142 sequitur

980 2147 1135 2179 Militibus
1160 2149 1317 2188 appensis,

939 2194 1071 2226 conisus
1093 2196 1186 2227 uatus
1208 2196 1342 2227 moritur

980 2240 1051 2272 Jam
1072 2241 1164 2272 sociis
1190 2242 1325 2284 eversis3
