1656 2491
759 92 1012 126 —218—

379 189 425 220 In
449 188 480 221 1.
505 187 729 219 Nocturno.

462 251 651 285 Antiphonae-

264 308 293 342 1.
319 309 385 340 Iter
409 307 489 348 fugit
510 307 674 346 impiorum

362 353 543 386 Potentinus
568 352 709 393 gnaviter

317 401 361 432 Et
383 401 424 432 ad
448 400 528 432 viam
552 408 587 431 se
606 400 759 438 justorum

366 446 500 479 Contulit
525 446 678 477 alacriter.

287 526 295 534 .
322 502 436 534 Contra
459 504 597 532 sanctum
622 500 809 532 adstiterunt

363 549 474 588 Reges,
498 550 603 586 patres
626 547 724 586 impii,

320 595 517 626 Innocentem
546 594 724 625 ceciderunt,

364 641 573 672 Tenebrarum
596 639 662 671 filii.

287 720 294 728 .
320 697 371 728 Ad
395 698 565 728 salvantem
589 704 623 726 se
648 694 801 733 clamavit,

367 744 496 774 Amator
520 741 710 773 credentium

321 788 416 826 Quem
440 787 619 819 clamantem
643 786 796 826 liberavit,

367 834 424 872 Qui
449 835 496 865 cst
516 834 599 864 salus
623 834 766 865 omnium.

457 906 657 942 Responsoria.

294 989 299 994 .
325 962 454 993 Sanctus
478 970 555 1000 puer
578 961 767 1000 Potentiuus,

368 1008 473 1039 Proles
497 1007 577 1046 regis
601 1006 760 1046 Franciac,

324 1054 438 1085 Summi
461 1053 541 1092 regis
567 1062 600 1084 se
624 1052 752 1084 festinus

368 1099 546 1131 Adstrinxit
570 1098 707 1137 militiae,

290 1170 296 1176 .
322 1146 437 1177 Vivens
461 1147 615 1183 tamquam
635 1145 814 1183 peregrinus

368 1192 402 1222 In
429 1191 509 1222 valle
532 1191 683 1222 miseriae.

293 1273 299 1279 .
324 1246 399 1277 Mox
424 1248 458 1277 ut,
479 1246 527 1276 illi
550 1245 699 1277 naturalis

370 1291 482 1323 Adfuit
505 1292 660 1329 discretio,

325 1339 353 1368 A
379 1337 495 1368 eunctis
519 1346 627 1368 arcens
651 1345 685 1367 sc
708 1336 796 1367 malis

370 1383 508 1414 Recessit
530 1392 550 1414 a
575 1384 672 1424 devio,

293 1451 299 1458 .
325 1429 361 1460 Iu
385 1438 443 1468 quo
466 1429 543 1459 mire
567 1428 715 1467 spiritalis

370 1475 439 1506 Jam
463 1473 611 1513 fraglavit
631 1474 745 1505 unctio.

294 1556 300 1562 .
326 1530 392 1561 Jam
419 1533 492 1561 tunc
516 1530 617 1568 coepit
638 1528 827 1561 confessores

370 1576 461 1608 Fidei
486 1576 615 1615 diligere

323 1622 366 1653 Et
388 1624 423 1652 ut
448 1622 576 1653 dominis
599 1622 728 1653 honores

372 1668 508 1699 Devotos
529 1667 718 1706 impendere,

291 1738 298 1745 .
323 1714 359 1746 In
384 1717 505 1745 sanctos
530 1714 632 1745 cordis
656 1713 782 1745 ardores

373 1760 515 1792 Ostendit.
536 1760 569 1790 in
594 1768 696 1799 opere.

390 1853 435 1885 In
460 1853 491 1885 2.
515 1852 738 1883 Nocturno.

467 1915 656 1950 Antiphonae.

293 1997 300 2003 .
325 1972 514 2011 TribulatuS,
541 1972 684 2003 dilatatus

372 2018 502 2049 Sanctus
526 2020 606 2057 tuus,
630 2018 770 2060 Dominc,

328 2064 507 2103 Baptizatus
531 2067 588 2102 est,
614 2065 750 2105 signatus

372 2111 482 2142 Vultus
507 2110 552 2141 tui
575 2111 698 2142 lumine.

271 2169 301 2199 2.
328 2166 415 2197 Tunc
438 2166 534 2204 magis
558 2166 749 2198 abominatus

372 2213 454 2244 Puer
479 2211 562 2243 viros
585 2213 775 2253 sanguinum,

328 2259 406 2291 Ruri
428 2266 554 2290 manens
578 2260 649 2291 aula
671 2262 761 2291 natus

376 2304 606 2347 Contemplatur
630 2306 803 2339 Dominum.

922 187 954 218 3.

980 186 1060 216 Vere
1083 193 1193 215 nomen
1214 185 1311 221 tuum,
1337 182 1470 222 Christe,

1026 231 1162 262 Multum
1186 229 1382 268 admirabile,

982 278 1071 317 Quod
1094 276 1236 309 laudavit
1257 284 1336 314 puer
1358 276 1428 313 istc,

1026 324 1089 355 Vas
1114 324 1155 355 ad
1178 322 1314 362 psalmos
1338 321 1451 355 habile.

1118 405 1318 441 Rcsponsoria.

980 464 1129 495 Parentes
1155 463 1282 493 deorum
1306 462 1394 492 vanis

1026 508 1187 548 Subjugati
1212 507 1344 538 cultibus

982 555 1124 587 Caedunt
1146 556 1299 594 sanetum,
1323 552 1508 585 Christianis

1028 601 1190 632 Subditum
1218 600 1413 639 doct01'ibus;

981 648 1097 680 Caecus
1120 646 1207 679 furor
1231 656 1322 686 quam
1345 646 1488 677 immanis

1025 694 1062 725 In
1085 693 1225 725 humanis
1250 692 1406 724 cordibus

950 777 955 782 .
980 749 1160 788 Baptizatus
1186 748 1352 789 civitatem,

1009 795 1105 833 Quam
1129 804 1189 826 non
1213 794 1312 825 intrat
1334 793 1494 832 Dominus,

982 841 1030 873 Ne
1054 841 1183 879 videret,
1210 840 1377 871 vanitatem

1026 887 1202 926 Dcrcliquit
1223 886 1351 925 eminus,

981 933 1167 966 Universam
1189 932 1377 972 pravitatem

1027 978 1107 1010 Vani
1132 973 1239 1009 niundi
1263 979 1413 1017 protinus

948 1060 954 1066 .
979 1034 1122 1065 Lucerna
1145 1033 1224 1065 tanti
1247 1033 1372 1064 luminis

981 1080 1139 1111 Praeclari
1163 1078 1247 1111 facta
1269 1080 1400 1110 nominis

1026 1125 1175 1164 Nequivit
1196 1125 1304 1162 latere,

984 1172 1040 1211 Qui
1065 1172 1163 1202 latere
1186 1171 1292 1210 voluit,

981 1218 1123 1256 Quamvis
1147 1218 1255 1248 nolens
1279 1218 1381 1256 patuit

1027 1263 1142 1294 Plenae
1165 1263 1274 1295 mundi
1296 1264 1439 1302 spherae.

982 1309 1034 1341 Ad
1058 1312 1121 1340 tam
1144 1310 1242 1340 mirac
1264 1309 1438 1341 sanctitatis

980 1355 1101 1394 Virum,
1127 1364 1220 1387 verae
1242 1355 1418 1395 probitatis,

1025 1401 1120 1432 Multi
1145 1410 1324 1441 convenere,

978 1447 1173 1479 Eminentem
1197 1448 1230 1479 in
1255 1448 1397 1481 doctrina

979 1494 1024 1525 Et,
1048 1494 1172 1525 coelesti
1196 1494 1351 1526 medicina

1027 1539 1139 1578 Cupidi
1164 1540 1279 1573 videre.

1046 1650 1092 1681 In
1116 1652 1146 1683 3.
1172 1651 1394 1683 Nocturno.

1124 1723 1314 1759 Antiphonae.

928 1779 958 1812 1.
984 1780 1069 1810 Arcu
1094 1778 1193 1812 fracto
1216 1783 1414 1819 peccatorum

1029 1826 1240 1866 Pharetraque
1260 1836 1358 1859 vacua

985 1872 1078 1903 Suum
1101 1876 1221 1913 martyr
1243 1873 1341 1906 intrat,
1365 1875 1491 1906 chorum

1030 1918 1111 1950 Fide
1133 1928 1195 1951 non
1218 1919 1370 1960 ambigua.

928 1975 958 2005 2.
982 1974 1121 2006 Montem
1144 1977 1284 2006 sanctum
1309 1977 1462 2008 habitabit

1031 2019 1161 2052 Sanctus
1186 2021 1254 2053 sine
1275 2024 1398 2055 macula,

985 2067 1029 2098 Et
1052 2069 1177 2099 aeterna
1201 2068 1405 2108 triumphabit

1030 2112 1118 2144 Intra
1142 2114 1351 2149 tabernacula.

927 2168 958 2202 3.
983 2169 1021 2200 In
1046 2169 1161 2200 virtute
1181 2171 1246 2209 jam
1269 2171 1404 2205 laetatur

1032 2214 1093 2246 Dei
1114 2219 1235 2257 martyr
1257 2217 1395 2260 inclitus,

986 2261 1177 2294 Salvatorem
1203 2267 1429 2305 contemplatur

1032 2309 1180 2341 Amatam
1199 2311 1389 2348 medullitus,
