1679 2491
724 89 879 124 ——207
926 109 974 114 —

676 183 719 216 In
746 186 776 217 2.
803 184 1011 223 Vesperis.

727 238 772 266 Ad
789 237 965 274 Magnificat.

539 286 579 318 A,
606 285 630 318 O
656 288 748 326 pater
770 288 801 317 et
824 289 940 326 pastor,

653 341 670 364 o
693 333 819 371 praesul
842 333 924 363 alme
947 330 1102 371 sacerdos,

606 378 835 419 Mommoleme,
860 386 970 418 preces

654 425 786 467 Christo,
812 434 887 465 quas
910 423 1080 464 reddimus,
1107 422 1191 464 offer,

607 471 727 503 Abluat
749 473 786 503 ut
809 472 926 510 culpae,

654 518 798 558 detergat
819 518 949 550 crimina
971 519 1087 556 nostra,

608 564 696 602 Quod
721 564 781 595 sibi
802 566 875 603 post
897 566 1028 595 mortem

655 611 793 642 vivamus
815 610 941 649 jugiter.
989 610 1099 641 Amen.

283 675 365 702 Brcv.
384 674 577 703 Noviomcnse
595 676 663 710 imp.
682 674 805 702 Parisiis
826 671 906 701 1515.

630 764 678 795 80.
717 764 760 795 De
781 764 884 794 sancto
906 762 1062 794 osmundo.

342 832 386 863 In
413 832 442 865 1.
466 833 572 872 Vesp
583 832 677 865 eris.

416 891 608 926 Antiphonae.

216 940 246 972 1.
273 938 403 978 Suscipe
428 947 497 970 cum
521 940 644 979 gaudio,

319 985 424 1017 Mater
443 984 588 1024 filiorum,

270 1032 309 1064 In
333 1031 484 1063 Osmundi
505 1031 604 1070 jubilo

321 1079 435 1110 Preces
460 1077 656 1111 famulorum.

220 1135 252 1167 2.
279 1131 471 1164 Confessoris
496 1133 661 1165 Dominum

326 1178 409 1212 Gens
434 1180 589 1211 collaudet
612 1182 678 1212 tota

274 1225 318 1257 Et
343 1226 377 1258 in
400 1226 499 1257 sancti
523 1226 652 1265 gloriam

322 1272 437 1304 reddat
459 1273 513 1311 pia
536 1275 619 1306 vota.

219 1329 249 1361 3.
275 1327 353 1359 Exit
377 1329 442 1367 ejus
466 1328 595 1367 spiritus

321 1378 437 1406 terram
462 1374 643 1406 miserorum

275 1420 318 1451 Et
342 1420 441 1452 intrat
462 1429 520 1460 pro
543 1421 662 1452 meritis

324 1475 451 1506 regnum
475 1467 645 1499 beatorum.

219 1525 252 1556 4.
278 1523 342 1554 Iste
367 1523 490 1554 domum
516 1522 641 1554 Domini

320 1577 449 1600 sacrans
473 1568 640 1601 fabricavit

275 1615 319 1647 Et
343 1615 502 1654 dispeisos
526 1615 654 1647 clericos

320 1663 412 1693 simul
437 1662 647 1702 congregavit.

222 1719 252 1750 5.
278 1717 398 1756 Lauda,
424 1717 508 1756 Sion,
536 1718 700 1749 Dominum

323 1765 426 1803 magni
453 1762 648 1802 confessoris,

275 1809 386 1842 Lauda
409 1810 494 1849 pium
518 1811 704 1849 praesulem,

324 1857 410 1895 quus
436 1860 484 1887 est
506 1856 633 1898 laboris,

279 1903 436 1942 Quidquid
462 1906 530 1934 tuas
551 1904 663 1942 januas

323 1950 402 1981 bcne
427 1949 624 1988 confortavit,

276 1995 434 2036 Quidquid
459 1998 528 2029 tuos
552 1995 632 2027 filios

320 2044 386 2083 jam
409 2042 602 2076 laetificavit.

396 2121 441 2149 Ad
459 2121 635 2157 Magnificat.

211 2180 252 2212 A.
278 2179 446 2213 Confessor
472 2180 605 2219 Domini,

322 2228 468 2267 precibus
492 2227 665 2259 succurrite
689 2225 785 2266 plebi,

278 2273 322 2307 Ut
345 2274 429 2307 vitiis
454 2276 545 2307 vacui

320 2321 447 2354 valeant
467 2322 527 2354 tibi
551 2321 732 2360 consociari,

936 831 980 863 Et
1006 833 1060 863 tua
1084 839 1158 870 quos
1183 832 1301 869 reperis

985 878 1135 909 solemnia
1157 878 1393 916 praevenientes

938 924 986 955 Tu
1009 924 1115 963 populi
1143 924 1263 964 ductor,

986 968 1046 1010 fac,
1071 972 1105 1000 ut
1128 971 1228 1001 tecum
1254 971 1445 1002 comitentur.

1005 1063 1066 1095 Ad
1090 1062 1351 1095 Matutinum.

1073 1126 1284 1153 Invitatorium.

943 1178 1144 1217 Omnipotens
1167 1178 1318 1210 Dominus

986 1225 1132 1256 laudetur
1150 1225 1249 1255 trinus
1273 1227 1304 1256 et
1326 1234 1413 1265 unus,

943 1271 1001 1309 Qui
1026 1271 1113 1303 dedit
1137 1271 1293 1303 Osmundo

991 1318 1137 1349 coelestia
1158 1326 1256 1357 regna
1276 1316 1378 1349 beato.

1010 1410 1055 1441 In
1083 1411 1111 1441 1.
1136 1409 1357 1442 Nocturno.

1086 1473 1277 1508 Antiphonae.

911 1550 918 1556 .
944 1526 1045 1558 Natus
1067 1534 1140 1557 mox
1164 1527 1337 1557 renascitur

990 1572 1164 1605 Osmundus
1187 1571 1273 1604 fonte
1296 1572 1387 1612 lotus,

943 1621 973 1650 A
999 1619 1116 1651 cunctis
1138 1618 1269 1658 piaculis

990 1665 1115 1697 effectus
1139 1665 1271 1696 mundus
1297 1667 1389 1697 totus.

910 1747 917 1754 .
943 1722 1136 1754 Adolescens
1160 1719 1285 1759 proficit

989 1769 1096 1800 schola
1119 1767 1234 1799 literali

941 1815 985 1846 Et
1007 1815 1123 1846 tirones
1147 1816 1275 1853 superat

989 1864 1057 1893 arte
1081 1861 1217 1892 militari.

887 1919 919 1951 3.
944 1918 964 1950 J
965 1916 1121 1950 uvcntutis
1146 1916 1292 1947 terminos

989 1964 1127 2004 prudens
1151 1962 1353 2006 transigebat,

944 2010 1052 2050 Neque
1078 2013 1186 2042 contra
1209 2010 1351 2048 spiritum

990 2066 1061 2089 caro
1085 2056 1297 2096 praevalebat.

1083 2126 1284 2162 Responsoria.

887 2180 904 2212 1
911 2205 918 2212 .
947 2178 1104 2211 Praesulis
1128 2179 1278 2211 osmundi

990 2226 1180 2258 celebramus
1206 2225 1287 2258 festa
1306 2226 1448 2267 jucundi,

944 2273 1001 2312 Qui
1025 2273 1105 2313 pius,
1131 2274 1279 2313 prudens,

990 2320 1125 2360 humilis,
1151 2321 1335 2361 sobriusque
1354 2321 1487 2361 pudicus
