1656 2491
232 1245 271 1275 V.

737 50 988 86 —156—

429 147 629 182 Responsoria.

263 232 270 239 .
294 204 420 236 Auditis
442 203 585 243 precibus

341 250 459 281 Gisleni
483 257 538 280 rex
561 247 756 287 Dagobertus

293 297 411 329 Annuit
436 297 466 326 et
489 294 584 326 fundo

342 342 450 373 cellam
475 340 584 372 dilatat
607 340 718 377 opimo,

295 388 344 420 Nc
367 388 473 418 vivant
495 387 602 424 inopes

340 433 475 464 athletae
497 431 684 471 spirituales.

292 479 371 511 Tum
394 482 501 518 pater:
527 478 605 508 haec
627 484 701 507 vere

339 528 392 556 tua
415 526 487 555 sunt
510 522 671 564 beneficia,
700 521 831 553 Christe.

264 615 270 621 .
295 589 380 629 Ergo
403 589 539 619 oratorio

341 635 482 667 Gislenus
507 633 567 665 rite
590 635 716 672 peracto

294 680 480 712 Autbertum
504 680 639 719 geminas

340 726 383 758 Et
395 726 568 757 Amandum
592 725 703 756 invitat
728 724 834 763 olivas,

298 773 342 804 Ut
364 773 539 810 praestetur
561 771 600 803 ab
625 771 673 802 his

341 818 515 849 benedictio
540 815 742 856 pontificali33

264 890 270 896 .
293 863 378 896 Dant
401 863 501 895 oleum
524 863 610 903 pacis

345 912 375 940 et
391 908 550 940 effundunt
566 908 699 939 chrisma
715 907 833 939 salutis.

297 969 398 1001 Prolis
421 969 562 1000 sidereae

343 1014 466 1046 fervens
490 1014 633 1045 Gislenus
658 1021 761 1045 amore

298 1060 492 1091 Waltrudem
518 1059 654 1091 celebres

345 1106 619 1145 Aldegundemque
642 1113 763 1136 sorores

296 1152 448 1183 Lucratur
474 1151 595 1183 Christo

347 1198 507 1229 verborum
533 1198 675 1237 dogmate
699 1198 778 1236 vivo,

296 1244 449 1282 Vestrum,
473 1244 663 1281 Montenses,

342 1289 471 1329 insigne,
497 1292 527 1320 et
549 1289 790 1321 Maibodienses

243 1351 274 1380 4.
302 1349 433 1380 Sanctus
456 1348 568 1379 militia

234 1623 273 1656 V.

344 1393 428 1425 felici
451 1394 543 1425 laude
566 1396 692 1433 peracta

300 1439 451 1479 Fulgidus
476 1442 506 1471 et
530 1441 646 1471 cunctis

345 1486 524 1516 meritorum
547 1486 770 1525 praerogativis

301 1531 428 1562 Transit
449 1531 481 1562 in
505 1532 678 1563 aetheream

346 1577 466 1615 superis
489 1578 696 1610 mediantibus
720 1578 838 1617 aedem,

297 1623 391 1654 Lucis
414 1625 450 1654 ut
471 1624 609 1663 angelico

346 1669 518 1708 gratuletur
540 1669 574 1701 in
596 1678 669 1701 arce
684 1670 839 1709 triumpho

309 1732 388 1760 Offie,
413 1740 466 1759 ms·
486 1732 515 1760 S.
535 1732 644 1761 Gisleni
670 1743 743 1761 saec.
769 1733 842 1762 ulie.

954 143 999 174 Et
1022 141 1104 174 ferat
1128 143 1269 172 aeternas

1000 189 1082 220 vitae
1109 196 1167 227 per
1190 195 1287 226 regna
1312 191 1449 216 coronas.

1046 282 1090 313 In
1113 279 1337 312 Laudibus.

1094 344 1285 379 Antiphonae.

922 428 928 434 .
955 402 1052 439 Quam
1076 400 1170 432 fuerit
1195 399 1326 430 celebris

1002 447 1145 478 Gislenns
1165 445 1199 477 in
1222 453 1294 476 arce
1319 443 1465 482 tonantis,

956 493 1075 525 Claruit
1100 501 1137 523 ex
1160 500 1239 523 urna

1002 540 1160 578 signorum
1183 539 1254 569 luce
1276 534 1443 574 stupenda.

923 621 930 628 .
955 595 1050 628 Unde
1073 594 1156 625 sacri
1180 593 1292 623 cineris

1002 639 1118 672 furtum
1141 639 1236 670 struit
1251 637 1375 669 invidus
1390 635 1500 673 hostis,

956 688 1001 720 Ut
1022 686 1114 725 jubar
1139 685 1323 723 exstinguat,

1002 733 1084 773 quod
1108 731 1259 771 prodigiis
1284 729 1442 760 rutilabat.

923 816 929 821 .
954 788 1096 827 Dumque
1120 794 1230 818 cavere
1253 787 1344 824 putat

1005 832 1119 872 fraudi,
1141 841 1175 863 se
1190 831 1384 863 Malbodium
1401 831 1498 868 aptat,

956 881 1019 912 Sed
1043 881 1182 911 sanctum
1205 886 1283 917 prae
1306 885 1340 907 se

1003 926 1093 965 digno
1118 926 1306 956 venerantur
1328 923 1455 954 honore.

925 1009 931 1014 .
955 981 1102 1013 Prodidit
1126 988 1197 1020 ergo
1222 988 1291 1011 reos

1002 1035 1058 1066 per
1081 1027 1182 1058 visum
1204 1034 1276 1056 mox
1298 1032 1387 1056 sacer
1406 1023 1499 1054 lieres

954 1073 1008 1112 Et,
1031 1074 1064 1103 ni
1089 1072 1251 1109 reddatur,

1001 1121 1129 1150 mortem
1154 1126 1211 1157 pro
1228 1116 1339 1148 fraude
1352 1115 1497 1146 minatur.

923 1199 930 1206 .
956 1174 995 1205 Vi
1022 1173 1147 1204 tandem
1172 1172 1331 1211 Stephani,

1002 1220 1054 1259 qui
1078 1218 1203 1258 praesul
1228 1221 1296 1249 erat
1316 1217 1485 1256 Cameraci,

957 1266 1083 1298 Gemma
1104 1265 1163 1296 Dei
1187 1264 1317 1304 rapitur,

1006 1312 1115 1343 cellam
1145 1319 1213 1342 cum
1235 1310 1330 1341 laude
1354 1309 1499 1341 refertur.

1077 1384 1121 1411 Ad
1140 1384 1320 1411 Benedictus.

926 1465 931 1471 .
960 1440 1091 1479 Christe,
1116 1440 1174 1472 tibi
1198 1440 1307 1471 laudes

994 1496 1068 1526 quas
1076 1495 1238 1526 possumus
1248 1488 1301 1517 aut
1309 1485 1384 1516 dare
1388 1488 1502 1525 grates,

959 1533 1100 1565 Privatos
1123 1533 1244 1572 proprii

1005 1582 1093 1618 grata
1117 1588 1193 1618 quos
1217 1581 1302 1610 sorte
1325 1577 1451 1617 patroni

961 1625 1135 1657 Clementer
1160 1625 1291 1664 relevas,

1003 1674 1057 1702 tua
1078 1671 1121 1702 sit,
1143 1670 1308 1703 benedicta
1329 1672 1480 1709 potestas.

882 1735 941 1763 Cot]
959 1736 1086 1763 Monten.
1106 1732 1140 1761 2¹?
1159 1732 1243 1766 (221).
1264 1751 1299 1754 -
1318 1737 1354 1763 In
1374 1735 1399 1763 1.
1419 1737 1506 1772 Vesp.

236 1769 335 1812 stelien
361 1769 435 1796 noch
459 1770 525 1797 ffinf
540 1769 586 1797 ΑΑ
612 1779 697 1807 super
716 1772 858 1806 Psalmos,
884 1772 930 1800 die
957 1773 1025 1800 aber
1044 1774 1074 1798 in
1092 1772 1183 1799 Prosa
1202 1772 1345 1807 abgefasst
1364 1773 1428 1801 sind
1447 1774 1506 1801 und

236 1807 349 1841 spatere
367 1806 472 1833 Zuthat
490 1816 527 1835 zu
545 1809 608 1835 sein
628 1808 771 1836 seheinen.

684 1907 730 1938 59.
768 1906 811 1938 De
830 1909 934 1939 sancto
956 1908 1058 1939 Goare.

372 1975 417 2005 In
442 1974 471 2006 1.
497 1975 707 2014 Vesperis.

413 2046 504 2082 Super
522 2047 661 2075 Psalmos.

237 2111 277 2145 A.
304 2111 416 2143 Sancte
440 2111 533 2152 Goar,
559 2113 684 2146 Domini

349 2157 505 2191 confessor
529 2163 560 2191 et
582 2160 666 2192 alme
688 2162 844 2201 sacerdos,

303 2204 459 2244 Propitius
484 2207 573 2238 nobis

349 2254 383 2282 tu
405 2252 620 2290 peccatoribus
645 2255 738 2287 adsis.

1059 1977 1151 2012 Super
1170 1977 1345 2013 Magnifieat.

898 2025 938 2056 A,
964 2024 1089 2056 Adsunt
1111 2025 1189 2057 haec
1211 2025 1301 2058 nobis

1010 2072 1180 2104 venerandi
1204 2071 1286 2104 festa
1310 2072 1431 2114 Goaris,

966 2117 1025 2156 Qui
1047 2127 1196 2157 spernens
1219 2120 1355 2159 patriam

1012 2166 1167 2197 coelorum
1190 2166 1333 2206 possidet
1355 2169 1468 2209 aulam,

965 2210 1042 2249 Ejus
1064 2214 1151 2252 apud
1173 2213 1341 2246 Dominum

1010 2258 1155 2298 precibus
1168 2260 1343 2294 relevemur
1350 2262 1383 2294 in
1393 2272 1513 2297 aevum.
