1656 2491
753 69 1004 103 —238—

609 203 652 234 92.
693 202 733 233 D(-
753 209 775 233 s.
795 201 906 232 Thoma
926 200 1146 232 cantuariensi.

381 298 424 329 In
449 297 479 329 1.
504 295 710 335 VesperiS.

427 360 472 387 M
490 357 664 394 Mag-nificat.

243 420 282 451 A.
309 418 417 449 Pasmr
441 425 545 448 caesus

354 463 386 493 in
410 463 510 502 gregis
534 462 636 494 medio

311 511 422 541 Pacem
446 509 521 539 emit

355 563 463 586 cruore
485 555 632 594 propri03

307 601 421 633 Laetus
448 601 537 632 dolor

353 647 385 678 in
409 647 492 678 tristi
516 646 639 685 gaudio,

310 693 393 725 Grex
416 694 551 732 respirat

354 742 477 779 pastore
501 741 638 777 mortu03

313 785 465 824 Plangens
489 785 610 823 plaudit

354 834 451 862 mater
474 831 507 862 in
530 829 604 872 filio,

311 877 387 915 (Quia
411 877 486 908 vicit

356 923 454 954 vietor
477 922 534 953 sub
559 921 671 961 gladio.

377 1028 435 1058 Ad
459 1027 714 1058 Matutinum.

444 1090 521 1117 Invit
524 1093 564 1117 att
570 1092 652 1117 rium.

311 1148 436 1178 Adsunt.
458 1147 595 1178 Thomae

356 1193 500 1232 martyris
526 1193 683 1232 solemnia,

310 1239 403 1277 virgo
428 1242 526 1270 mater

354 1285 465 1324 jubilet
491 1285 628 1316 ecelesia.

373 1395 417 1426 In
444 1395 472 1427 1.
498 1395 717 1427 Nocturno.

452 1457 639 1493 Antiphonae.

256 1516 286 1548 1.
312 1514 435 1545 Summo
459 1514 630 1545 sacerdotio

356 1560 488 1592 Thomas
512 1559 692 1590 sublimatus

310 1606 369 1636 Est
391 1606 423 1636 in
447 1606 545 1636 virum
569 1606 661 1636 alium

356 1651 456 1683 subito
480 1653 624 1682 mutatus.

256 1718 285 1748 2.
312 1716 480 1747 Monachus
505 1715 561 1747 sub
587 1716 708 1754 elerico,

357 1762 433 1793 clam
460 1762 619 1801 efficimus,

312 1807 419 1840 Carnis
445 1816 536 1839 carne
558 1806 668 1839 fortior

357 1854 480 1886 edomat
503 1856 614 1886 reatus.

256 1919 287 1952 3.
312 1918 418 1950 Cultor
441 1919 507 1957 agri
528 1918 655 1950 Domini

355 1965 485 1996 tribulos
510 1965 615 1997 evellit

310 2010 351 2041 Et
375 2011 482 2050 vulpes
507 2021 526 2042 a
547 2011 644 2042 vineis

355 2061 441 2088 arcet
464 2060 495 2088 et
518 2058 656 2096 expellit.

253 2124 283 2154 4.
310 2121 376 2152 Nec
398 2122 431 2153 in
454 2131 548 2161 agnos
571 2123 701 2154 sustinet

354 2169 443 2207 lupos
472 2169 636 2207 deservire,

311 2214 377 2246 Nee
399 2215 432 2245 in
455 2214 577 2246 hortum
601 2216 716 2247 olerum

357 2261 472 2292 vineam
499 2263 639 2294 transire.

915 293 945 325 5.
969 292 1103 324 Exsulat
1126 293 1174 324 vir
1198 292 1340 333 optimus,

1015 348 1102 370 sacer
1127 342 1158 370 et
1180 339 1320 379 insignis,

971 385 1019 416 Ne
1044 385 1134 417 cedat.
1159 385 1307 417 ecelesiae

1016 431 1151 471 dignitas
1173 432 1319 471 indignis.

915 515 946 547 6.
970 514 1152 546 Exsulantis
1175 515 1308 552 praedia

1014 560 1134 599 praeda
1157 564 1229 591 sunt
1251 561 1403 601 malignis,

971 606 1033 638 Sed
1058 607 1089 638 in
1114 607 1186 646 igne
1208 607 1343 646 positum

1014 661 1076 684 non
1102 654 1203 685 exurit
1225 653 1315 693 ignis.

1104 781 1306 817 Responsoria.

916 857 944 888 1.
971 855 1104 887 Studens
1126 856 1208 887 livor

1013 902 1149 933 Thomae
1172 902 1326 941 supplicio

968 948 1104 979 Thomae
1127 957 1222 987 genus

1014 993 1140 1025 damnat
1163 995 1282 1033 exsilio,

969 1040 1047 1071 Tota
1072 1040 1162 1070 simul

1014 1086 1078 1116 exit
1102 1086 1253 1125 cognatio,

905 1132 939 1164 V.
967 1131 1059 1169 Ordo,
1085 1139 1184 1173 sexus,

1013 1180 1108 1216 aetas,
1134 1177 1269 1209 conditio

968 1223 1062 1254 Nullo
1086 1224 1201 1263 gaudet,

1012 1269 1064 1300 hio
1086 1269 1258 1309 privilegio,

913 1353 943 1383 2.
969 1352 1101 1383 Thomas
1125 1361 1247 1384 manum

1013 1399 1109 1429 mittit
1132 1399 1173 1430 ad
1197 1397 1300 1438 fortia,

966 1443 1093 1483 Spernit
1117 1444 1237 1484 damna,

1014 1490 1135 1528 spernit
1156 1492 1334 1532 opprobria,

968 1535 1062 1567 Nulla
1083 1536 1232 1568 Thomam

1013 1580 1131 1622 frangit
1152 1583 1277 1623 injuria,

904 1627 939 1658 V.
967 1627 1087 1659 Clamat
1108 1629 1224 1659 cunctis

1012 1673 1149 1705 Thomas
1174 1677 1363 1708 constantia:

967 1719 1063 1751 Omne
1086 1721 1184 1752 solum

1014 1768 1060 1797 est
1084 1766 1160 1798 forti
1182 1769 1295 1807 patria.

912 1850 941 1881 3.
968 1848 1063 1888 Lapis
1087 1851 1147 1881 iste

1012 1903 1068 1926 sex
1090 1897 1180 1928 anuis
1203 1899 1357 1939 tunditur,

969 1940 1021 1972 Sic
1043 1943 1170 1983 politur,

1013 1987 1060 2019 sio
1084 1990 1219 2028 quadrus
1242 1991 1397 2032 redditur,

967 2033 1072 2065 Minus
1098 2036 1209 2067 cedens

1014 2089 1073 2119 quo
1101 2083 1197 2122 magis
1223 2084 1372 2117 caeditur.

903 2125 939 2158 V.
965 2126 1082 2157 Aurum
1108 2126 1219 2160 fornax

1013 2173 1126 2212 probat
1149 2183 1208 2206 nee
1230 2178 1340 2218 uritur,

967 2218 1084 2251 Domus
1107 2220 1199 2254 firma

1015 2268 1114 2299 ventis
1138 2278 1199 2300 non
1224 2271 1369 2309 quatitur.
