1679 2491
733 72 961 107 -51—

209 163 248 194 R.
275 163 382 203 Surge,
408 167 508 204 pater,
536 165 646 206 dignus
671 167 764 198 laude

321 210 384 242 Pro
407 211 470 242 tuis
494 211 650 250 adoptivis
674 212 747 243 filiis

276 257 398 288 Munda
420 256 522 288 laesos
545 257 643 289 hostis
667 257 779 292 fraude

320 302 389 334 Tua
411 311 515 345 prece,
540 304 603 334 tuis
627 303 770 344 auxiliis3

210 348 247 380 V.
273 349 335 380 Pro
359 348 448 380 nobis
474 349 598 380 Christo
620 350 775 388 applaude

319 394 366 425 Ut
387 394 489 426 salvet
507 397 626 426 stantes
640 395 673 426 in
693 396 820 428 exsiliis,

394 466 439 494 Ad
457 466 631 501 Magnificat.

210 524 248 554 A.
276 523 300 555 Ο
326 521 396 554 fons
420 523 574 554 inundans
598 524 717 562 veniae,

275 568 335 607 Qui
358 569 442 600 omni
463 569 497 600 iu
519 570 668 609 progenie

276 615 341 646 Das
366 615 480 646 bonum
503 615 694 657 indeficiens,

278 660 378 700 Dites‚
402 669 516 700 purges
541 661 652 703 esurie,

276 706 371 738 Bonis
398 706 538 738 coelestis
563 707 667 738 curiae

320 751 537 784 Mendicantes
562 751 721 794 reficien53

275 798 367 829 Hanc
391 799 546 829 catervam
569 798 629 829 tibi
653 806 774 829 servam

276 843 362 875 Coeli
383 844 478 882 junge
502 843 657 883 tricliniis,

273 890 401 921 Autoris
424 889 606 929 patrociniis

319 935 423 973 Ipsam
447 936 565 967 salvam
590 933 739 967 efficiens,

338 1036 400 1067 Ad
419 1035 682 1069 Matutinum.

406 1100 615 1126 Invitatorium.

273 1159 448 1198 concrepet
471 1161 532 1192 oda
555 1160 650 1197 chori,

316 1206 382 1244 regi
403 1205 566 1244 jubilando
591 1206 704 1244 venite,

273 1252 334 1290 Qui
359 1251 447 1282 dedit
470 1252 582 1283 Autori

319 1297 461 1328 coelestis
485 1297 599 1336 gaudia
622 1297 715 1329 vitae.

331 1399 377 1430 In
404 1399 433 1430 1.
460 1398 685 1430 Nocturno.

413 1462 604 1497 Antiphonae.

209 1524 242 1557 1.
266 1523 440 1556 Jubilemus
463 1522 531 1554 Deo
555 1523 588 1553 in
612 1523 721 1562 gloria,

267 1569 349 1601 Nam
372 1569 465 1600 beata
489 1569 580 1600 adest
602 1568 750 1600 memoria

267 1615 375 1647 Sancti
397 1615 526 1647 Autoris
550 1614 717 1655 pontificis,

264 1661 450 1694 Praeornati
474 1661 570 1701 signis
594 1659 743 1692 mirificis,

208 1720 239 1752 2.
265 1718 322 1750 Cui
344 1726 456 1749 nomen
481 1718 573 1749 datur

310 1765 421 1804 Autor,
447 1772 506 1803 quo
532 1762 731 1801 certificatur,

264 1810 354 1848 Quod
378 1810 419 1841 sit
443 1819 521 1848 prae
543 1809 630 1840 mille

310 1857 426 1888 sanctis
455 1855 628 1887 autenticus
651 1855 716 1888 ille.

206 1914 237 1946 3.
263 1912 326 1944 Hie
349 1915 474 1943 sanctus
499 1911 634 1951 quinque
657 1911 775 1941 talenta

308 1959 447 1991 Traditis
472 1957 707 1997 superlucratur

262 2005 325 2037 Per
349 2005 499 2037 virtutum
521 2005 724 2044 incrementa,

308 2053 390 2084 Dum
412 2052 445 2083 in
469 2050 562 2082 terris
585 2052 758 2089 vegetatur.

401 2124 605 2160 Responsoria.

204 2185 234 2217 1.
259 2183 344 2215 Dum
366 2183 400 2214 in
425 2181 558 2214 terrenis
580 2179 716 2212 luctibus

303 2231 406 2262 Autor
428 2237 487 2269 per
510 2231 551 2267 te,
579 2227 720 2266 Domine,

349 2277 470 2309 Fuerat
493 2273 644 2316 vivificus,

876 302 914 335 V.

886 405 916 436 2.

945 167 982 198 In
1006 166 1175 206 gratiarum
1200 165 1352 198 fructibus

988 212 1072 252 Vita,
1096 221 1133 243 re
1157 214 1188 243 et
1209 213 1334 243 nomine

1034 258 1164 290 vixerat
1186 258 1367 291 autenticus.

942 303 1050 336 Vitam
1078 304 1174 343 petiit
1208 313 1230 335 a
1262 306 1292 335 te
1329 306 1356 336 et
1385 304 1485 335 tribu-

943 350 999 382 isti
1022 350 1059 383 ei.

942 404 1001 443 Qui
1025 405 1172 436 virtutum
1195 404 1343 443 praxibus

986 450 1125 482 Devotus
1150 449 1296 482 mirificus

1033 498 1063 527 A
1087 496 1201 527 mundo
1227 496 1375 535 diligitur,

942 542 1030 580 Quod
1054 541 1253 573 Trevirorum
1278 542 1401 573 taxibus

988 587 1034 619 Ut,
1057 590 1146 627 pater
1172 587 1298 619 deificus

1032 635 1069 665 In
1094 634 1267 672 praesulem
1292 633 1424 673 eligitur.

944 677 1114 711 Constituit
1131 689 1201 710 eum
1214 679 1376 711 Dominus
1391 688 1486 719 super

941 724 1093 756 excelsam
1119 728 1245 767 terram,
1271 728 1307 756 ut
1331 734 1485 757 commem-

941 770 1024 801 deret
1047 770 1170 809 fructus
1195 770 1273 808 ejus.

908 848 915 856 .
942 825 1121 856 Trevirensi
1145 825 1324 864 praesulatu

940 870 1008 908 Pio,
1031 871 1125 909 justo,
1150 873 1257 902 sancto
1278 873 1362 901 statu

987 915 1076 946 Plebi
1101 925 1174 947 suae
1197 919 1341 954 praeerat

940 963 985 993 Et
1006 962 1052 992 sic
1071 960 1165 993 fidem
1189 962 1305 994 Christi
1329 965 1446 993 rectam

937 1006 1127 1046 Plebemque
1149 1016 1236 1038 suam
1259 1007 1431 1046 perfectam

985 1052 1054 1085 Deo
1078 1053 1285 1092 impliaverat.

938 1098 1000 1139 Qui
1019 1108 1087 1130 ozon
1111 1099 1172 1138 eyit
1195 1099 1302 1130 dolum
1321 1099 1357 1130 in
1373 1098 1484 1139 linqua

938 1153 1000 1176 sua
1037 1154 1095 1177 ‘neo
1133 1144 1205 1184 feeit
1238 1145 1387 1184 proximo
1426 1154 1482 1176 suo

937 1190 1070 1223 malum.

1004 1282 1048 1313 In
1075 1284 1104 1314 2.
1130 1282 1351 1314 Nocturna.

1081 1345 1273 1380 Antiphonae.

904 1426 910 1433 .
938 1402 963 1433 O
988 1401 1088 1441 pietas
1112 1402 1187 1439 nati,

983 1447 1082 1487 patris
1107 1447 1260 1486 sapientia
1285 1448 1360 1486 veri,

932 1493 1061 1525 Autoris
1083 1493 1165 1532 grati

982 1540 1102 1571 meritis
1128 1539 1256 1579 dignare
1279 1540 1371 1571 tueri.

935 1595 974 1626 In
996 1603 1097 1633 pauca
1120 1593 1180 1625 fuit
1204 1593 1317 1633 fidelis,

981 1641 1083 1680 Supra
1105 1641 1204 1671 multa
1228 1641 1434 1682 constituitur,

932 1687 1017 1727 Ergo
1041 1688 1143 1718 Autor
1167 1689 1215 1718 est
1236 1687 1270 1718 in
1295 1687 1398 1725 caelis,

978 1733 1024 1766 Ut
1046 1742 1104 1772 per
1126 1741 1238 1764 nomen
1260 1733 1410 1765 innuitur.

901 1813 906 1820 .
932 1789 1036 1828 Abba,
1060 1791 1096 1819 tu
1118 1788 1221 1820 laudis

979 1837 1104 1866 orantes
1129 1834 1181 1872 qui
1205 1833 1276 1872 pius
1301 1834 1401 1873 audis,

932 1880 1116 1912 Nosti-atum
1140 1878 1243 1911 fautor

981 1928 1013 1957 et
1035 1929 1121 1958 tutor
1147 1927 1199 1965 sis,
1225 1934 1314 1961 sacer
1337 1928 1449 1958 Autor.

1071 1991 1273 2025 Responsoria.

896 2059 906 2068 .
932 2037 956 2070 Ο
980 2039 1091 2076 Autor,
1116 2036 1172 2069 flos
1196 2036 1375 2076 pontificum

978 2084 1125 2116 Auctoris
1149 2085 1352 2124 aeternitatis,

931 2130 1052 2162 Nomen
1076 2130 1193 2162 habens
1217 2131 1417 2171 autenticum,

977 2178 1065 2209 Tuae
1086 2177 1118 2209 vi
1142 2178 1334 2210 auctoritatis

931 2224 1058 2256 Vultum
1082 2224 1173 2264 placa
1198 2224 1350 2264 deificum,

977 2270 1022 2304 Ut
1048 2270 1187 2303 vivamus
1212 2280 1281 2303 cum
1303 2271 1417 2304 beatis.

1268 2324 1309 2354 4*
