1656 2491
774 106 818 110 —
866 85 933 120 204
979 104 1025 110 —

472 179 669 214 Responsoria.
935 181 965 212 3.
987 178 1031 210 Et
1053 177 1139 216 prius
1165 178 1237 208 dum
1259 178 1291 208 in
1317 177 1442 209 dubium

300 268 308 275 .
332 243 416 282 Ergo
443 244 514 275 dum
536 244 593 275 illa
614 244 745 283 luderet,

332 289 375 321 Et
398 298 454 320 rex
477 290 609 321 libenter
633 293 782 330 cerneret,

376 336 499 366 Amoris
523 336 686 367 temerario

378 380 510 412 Consilio

332 427 470 466 Petendi,
496 427 570 466 quid
594 428 729 467 eligeret,

376 473 501 503 Puellae
526 474 616 504 datur
640 475 741 514 optio;

297 546 303 552 ,
328 519 532 558 Augmentum
556 529 686 558 namque
708 521 826 560 gratiae

334 564 495 595 Contraxit
517 566 608 597 ludus
631 565 714 597 filiae

373 610 423 641 De
444 612 552 642 matris
573 612 733 644 lenocinio.

296 710 303 716 .
330 684 484 716 Promissa
506 686 671 716 temeraria

328 729 424 761 Matri
447 729 565 762 ferente
587 730 661 773 filia,

372 776 474 807 Draco
501 786 638 808 cruorem
663 778 779 816 sitiens,

372 822 459 853 Haec
482 823 609 854 audiens

325 868 379 900 Ad
401 868 568 900 inhumana
590 871 728 908 praemia

373 914 524 946 Hortatur
546 916 632 946 illam
656 917 806 948 saeviens.

295 985 303 993 .
329 960 352 991 O
378 961 479 999 gravis
503 961 551 992 ira
574 960 714 1002 feminae,

331 1004 452 1037 Crimen
477 1006 645 1039 defendens
670 1009 797 1040 crimine

372 1051 414 1082 Et
437 1053 469 1082 in
494 1051 630 1084 furorem
653 1053 771 1086 finiens.

294 1149 301 1156 .
327 1124 478 1163 Praeceps
502 1127 630 1158 lascivia

326 1170 386 1202 Per
412 1172 501 1202 devia

372 1217 549 1248 Inconsulta
570 1227 750 1258 properans,

372 1262 447 1293 Post
470 1272 572 1295 casum
599 1265 782 1305 deliberans,

324 1307 400 1339 Sera
423 1310 613 1347 poenitentia

324 1353 422 1385 Facta
449 1355 574 1387 damnat
595 1357 685 1397 levia,

368 1400 445 1431 Rem
469 1402 595 1432 tandem
619 1403 828 1436 considerans.

288 1469 295 1476 .
318 1444 386 1476 Hoc
409 1446 529 1478 Herodi
554 1449 688 1488 contigit,

323 1491 409 1529 Quod
431 1492 546 1524 lascive
568 1495 697 1535 pepigit,

368 1537 435 1568 Sibi
455 1542 527 1577 post
550 1539 772 1579 improperans.

387 1668 432 1698 In
458 1669 487 1700 3.
513 1668 733 1702 Nocturno.

464 1740 654 1775 Antiphonae.

290 1820 296 1825 .
323 1795 431 1827 Puella
453 1797 548 1828 missa
570 1798 703 1829 reddere

324 1841 515 1880 Responsum
537 1844 646 1875 matris
669 1846 800 1878 miserae

367 1888 418 1918 Ad
443 1897 545 1928 regem
570 1891 630 1921 cito
654 1892 749 1923 rediit

320 1933 364 1965 Et
386 1943 442 1972 pro
468 1944 609 1967 concesso
632 1946 758 1969 munere

367 1979 468 2019 Caput
489 1982 638 2014 Johannis
662 1985 761 2023 petiit.

286 2079 294 2086 .
319 2053 488 2086 Funestam
511 2057 590 2094 petit
612 2060 782 2096 praemium

318 2100 361 2132 Et
384 2110 491 2132 munus
515 2105 578 2134 tam
602 2103 765 2144 nefarium,

364 2146 518 2179 Funestus
541 2158 597 2181 rex
620 2153 655 2181 ut
677 2152 785 2193 audiit,

319 2193 424 2227 Scelus
449 2194 617 2227 abhorrens
640 2198 767 2230 nimium

362 2240 415 2271 Ad
438 2249 473 2275 se
496 2242 640 2275 confusus
664 2245 767 2282 rediit,

1036 224 1113 255 Rem
1137 223 1319 255 adduxisset
1341 223 1432 260 ratio,

991 270 1114 302 Pudore
1139 270 1392 301 discumbentium

1036 316 1117 347 Dum
1141 316 1228 347 timet
1254 317 1293 347 de
1315 316 1463 355 perjurio,

991 362 1161 394 Stultorum
1183 362 1404 401 improperium

1035 409 1180 440 Redemit
1202 408 1376 440 homicidio.

1124 512 1325 547 Responsoria.

956 602 962 609 .
988 578 1069 608 Tam
1093 577 1176 608 tristi
1200 586 1291 616 quam
1315 577 1435 608 nefaria

1032 623 1191 655 Sententia

986 669 1172 702 Damnatum
1195 678 1253 709 pro
1274 670 1397 708 justitia

988 715 1088 754 Caput
1110 716 1261 748 Johannis
1284 716 1404 748 tollitur

984 761 1028 794 Et
1053 762 1140 793 dirae
1162 763 1256 793 matri
1279 763 1423 794 redditur

1029 809 1130 847 Impia

983 854 1111 886 Discum
1134 856 1262 892 gerente
1284 853 1359 887 filia.

951 928 957 933 .
982 899 1035 932 Sic
1054 899 1171 931 factum
1195 900 1277 939 regis
1298 901 1389 940 impii

985 946 1025 977 Os
1050 946 1144 977 vertit
1166 946 1352 984 sapientium

983 992 1020 1024 In
1044 1001 1181 1023 murmur
1203 993 1387 1031 improperii

982 1038 1027 1070 Et
1045 1039 1078 1069 in
1102 1041 1259 1077 stuporem
1282 1039 1438 1078 gaudium.

927 1119 934 1128 ”
951 1137 958 1144 .
985 1112 1045 1144 Pro
1069 1112 1148 1143 tanti
1172 1112 1231 1143 viri
1254 1113 1363 1144 merito

985 1157 1101 1196 Corpus
1125 1158 1242 1189 honore
1267 1159 1371 1190 debito

985 1203 1180 1242 Sepelierunt
1202 1205 1302 1236 seduli

1028 1250 1182 1288 Discipuli

985 1296 1028 1328 Et
1051 1304 1155 1335 regem
1180 1297 1273 1328 corde
1297 1297 1390 1328 tacito

982 1342 1214 1373 Maledicebant
1238 1343 1350 1382 singuli

985 1388 1119 1420 Rumore
1142 1390 1205 1419 tam
1227 1389 1350 1420 insolito

983 1434 1084 1466 Aures
1106 1435 1250 1473 pulsante
1272 1436 1389 1474 populi.

948 1506 955 1513 .
981 1480 1061 1512 Nam
1084 1481 1138 1519 pia
1160 1481 1335 1512 recordatio

984 1525 1044 1557 Cor
1067 1527 1249 1558 vulnerabat
1273 1527 1417 1564 omnium,

984 1572 1065 1610 Quos
1089 1574 1197 1604 sancta
1219 1574 1413 1612 praedicatio

986 1618 1126 1651 Fovebat
1150 1621 1182 1649 et
1204 1620 1363 1651 consilium

984 1664 1098 1696 Dilecti
1122 1665 1189 1696 Deo
1214 1664 1332 1698 famuli.

950 1765 956 1771 .
982 1739 1095 1770 Annua
1118 1739 1281 1778 Baptistae

1027 1793 1118 1816 saera
1141 1784 1222 1816 festa
1241 1787 1323 1817 colat
1340 1787 1450 1818 chorus
1466 1787 1526 1818 iste

983 1831 1196 1870 Exemploque
1219 1832 1292 1864 boni

1030 1877 1124 1908 vitam
1148 1878 1277 1909 condire
1301 1880 1426 1918 patroni

985 1922 1037 1955 Sic
1061 1926 1183 1963 satagat
1206 1923 1296 1964 festa,

1028 1971 1111 2009 quod
1134 1971 1241 2002 sobria
1256 1971 1320 2003 sint
1337 1975 1368 2003 et
1385 1972 1525 2013 honesta,

974 2016 1020 2049 Ut
1043 2016 1174 2048 Domino
1201 2026 1275 2049 vere

1026 2063 1147 2101 possint
1169 2064 1345 2104 sanctisque
1368 2066 1513 2104 placere;

915 2109 952 2140 V.
978 2108 1056 2140 Nam
1082 2109 1149 2140 laus
1175 2113 1222 2141 est
1244 2113 1343 2151 grata,

1025 2155 1094 2186 voci
1117 2156 1144 2186 si
1167 2157 1231 2188 vita
1253 2157 1344 2189 beata

982 2201 1136 2233 Consonet
1161 2205 1193 2233 et
1215 2204 1317 2235 sordis

1026 2248 1072 2279 nil
1098 2249 1199 2280 celent
1218 2250 1330 2282 intima
1355 2253 1469 2285 cordis.
