1656 2491
822 123 1023 157 ,82-

342 221 495 254 Studuisti
518 219 631 251 mundo
656 218 761 248 vivens

388 267 522 298 feliciter
545 264 704 303 scandere,

340 313 433 345 Nunc
459 313 492 343 in
516 311 588 342 Sion
612 309 710 340 Deum
736 307 836 338 cernis

386 358 523 389 revelata
546 355 635 386 facie.

279 406 316 439 V.
341 404 486 436 Marthae
509 400 678 432 ministerio

390 449 552 487 diligenter
577 445 699 483 expleto

341 493 476 532 Elegisti
498 491 671 523 Marianam

388 542 509 578 partem
533 537 604 568 labe
628 536 771 567 nesciam.

512 618 576 644 PrO'
582 617 650 644 «ella.

280 676 337 708 la.
362 675 512 706 Revelata
536 673 662 704 Domini
686 672 793 711 gloria.

411 729 480 751 oum
500 720 601 758 justus
622 719 719 757 Judex

410 774 506 804 aeque
526 764 678 803 J'udicabit
704 766 822 794 cuncta.

278 821 335 854 lb.
361 821 403 859 O,
428 822 519 859 pater
542 822 664 857 sancte,
691 818 868 857 praesulum

666 872 795 903 gemma

411 910 468 942 flos
490 909 717 947 monachorum,

412 965 467 987 nos
491 959 523 986 te
546 958 727 986 venerantes
752 955 847 987 salva.

286 1014 345 1044 2a.
370 1012 508 1050 Assurge
531 1019 587 1049 pro
610 1010 698 1040 nobis

417 1059 447 1087 et
470 1064 563 1094 prece
587 1055 762 1095 gratissima

287 1112 342 1143 2b.
368 1111 433 1142 Nos
458 1110 525 1142 Deo
551 1110 766 1141 commendans

414 1157 467 1195 pie
486 1156 661 1191 reconcilia,

286 1213 346 1244 33.
371 1211 415 1243 Ut
437 1212 467 1241 in
494 1211 558 1249 ejus
584 1210 752 1241 clarissima

288 1266 345 1299 3b.
372 1265 507 1297 Gloriari
530 1274 700 1296 mereamur

508 1322 539 1352 4.
564 1319 668 1352 Facie.

442 1429 487 1460 In
510 1428 735 1460 Laudibus

496 1491 685 1526 Antiphonae.

297 1548 329 1581 1.
354 1546 484 1578 Sanctus
506 1546 630 1584 praesul
653 1546 685 1576 in
709 1554 841 1584 superno

398 1592 527 1623 Bonitus
551 1592 668 1630 palatio

354 1638 470 1677 Regem
495 1637 647 1669 Christum
672 1637 705 1667 in
731 1637 841 1668 decore

401 1691 523 1722 semper
546 1683 658 1722 gaudet
683 1690 818 1715 cernere.

299 1740 330 1771 2.
356 1739 439 1770 Pura
461 1738 528 1769 Deo
553 1738 624 1776 quia
650 1740 751 1768 mente

400 1784 528 1815 servivit
549 1782 693 1816 fideliter.

1003 215 1114 245 Portas
1139 212 1204 250 eJus
1228 210 1359 241 introire

1047 258 1160 289 meruit
1183 256 1328 288 feliciter.

946 316 977 348 3.
1004 314 1067 346 Sub
1093 317 1226 354 tuarum,
1249 320 1305 343 rex
1329 314 1465 347 aeterne,

1050 360 1169 391 alarum
1193 358 1345 389 velamine

1006 406 1068 437 Hic
1093 405 1236 445 exsultat,
1264 404 1348 434 coelo
1372 406 1425 433 tua

1050 459 1141 490 quem
1164 450 1302 489 suscepit
1327 449 1464 480 dextera.

948 508 980 538 4.
1005 507 1093 537 Inter
1118 505 1234 538 Christi
1257 504 1435 536 sacerdotes

1050 550 1207 589 refulgens
1232 553 1265 580 ut
1289 548 1401 580 lucifer

1007 598 1185 630 Creatorem
1209 595 1269 626 Dei
1294 603 1400 625 servus

1053 642 1209 673 benedicit
1233 641 1373 673 BonituS.

950 700 981 731 5.
1007 697 1112 730 Omnis
1138 700 1234 735 aetas,
1260 696 1358 727 omnis
1382 703 1473 726 sexus

1052 742 1150 774 omnis
1175 745 1267 780 atque
1291 741 1419 780 spiritus

1007 789 1130 820 Laudet
1153 788 1252 819 Deum
1278 796 1344 818 cum
1372 787 1463 818 beato

1053 832 1229 865 confessore
1253 833 1375 865 Bonito.

1131 914 1174 941 Ad
1195 914 1358 942 Benedicto.

942 968 982 998 A.
1006 967 1146 998 Decurso
1170 966 1253 996 vitae
1276 967 1450 1004 praesentis

1054 1011 1188 1042 feliciter
1212 1012 1322 1052 stadio,

1010 1057 1052 1089 Ut
1077 1060 1159 1088 esset
1181 1057 1313 1095 probato
1337 1067 1412 1090 auro

1054 1106 1104 1133 ter
1127 1105 1297 1142 quaterque
1319 1105 1436 1142 purior,

1011 1148 1140 1180 Bonitus
1164 1149 1321 1187 podagrae
1345 1151 1433 1188 gravi

1057 1197 1217 1232 correptus
1243 1195 1435 1227 incommodo

1012 1239 1219 1278 Supernorum
1247 1244 1292 1271 est
1317 1244 1461 1280 receptus

1059 1286 1170 1316 civium
1196 1286 1333 1325 collegio,

1014 1330 1079 1368 Quo
1103 1332 1225 1370 placato
1250 1336 1463 1371 repraesentet

1059 1380 1129 1408 vota
1154 1380 1258 1408 nostra
1283 1378 1426 1410 Domino.

1083 1483 1184 1514 1112.
1211 1483 1237 1513 V
1248 1492 1316 1522 esp
1327 1485 1419 1515 eris.

1132 1545 1176 1572 Ad
1195 1546 1370 1581 Magnificat.

950 1602 989 1632 A.
1015 1601 1143 1640 Suscipe
1166 1606 1282 1640 nostra,

1015 1647 1109 1678 Pater
1132 1648 1252 1683 Boniteq
1278 1650 1455 1687 precamina

1014 1693 1059 1724 Et
1082 1701 1118 1724 ea
1143 1694 1265 1726 Christo
1290 1700 1499 1736 repraesenta,

1017 1738 1062 1770 Ut
1086 1742 1115 1769 et
1140 1741 1200 1770 tuis
1224 1742 1369 1779 precibus

1017 1784 1141 1816 Nostris
1158 1786 1325 1819 liberemur
1337 1797 1356 1819 a
1370 1789 1559 1821 criminibus.

365 1866 447 1892 Brev.
468 1873 519 1891 ms.
541 1873 569 1891 ,5.
590 1864 761 1908 Catharinae
780 1865 814 1891 cle
832 1864 932 1892 Monte
950 1873 1023 1892 saec.
1045 1865 1088 1893 14.
1118 1868 1185 1894 Cod.
1202 1869 1389 1905 Rotomagen.
1409 1869 1464 1899 203
1477 1872 1511 1899 A.
1524 1888 1563 1892 —

291 1903 373 1944 Brexj.
394 1911 445 1929 ms.
466 1901 494 1928 S.
516 1901 685 1929 Catharmae
706 1902 740 1928 tle
752 1901 857 1944 ‘Monte
876 1910 949 1929 saec.
971 1901 1012 1929 15.
1043 1903 1110 1930 Ood.
1130 1904 1315 1942 Rotomagen.
1335 1906 1398 1935 204.
1418 1909 1451 1935 B.
1471 1924 1508 1927 —
1528 1911 1562 1936 In

294 1937 318 1965 1.
337 1940 419 1966 lNoct.
441 1936 460 1963 R
480 1937 507 1972 4,
529 1938 543 1965 1
565 1938 667 1966 Sancte
686 1939 790 1965 Bomte
809 1938 866 1965 AB.
886 1954 924 1957 —
942 1939 977 1966 In
996 1937 1022 1965 2.
1042 1940 1123 1967 Noct.
1143 1939 1165 1967 Α
1185 1941 1212 1974 4,
1232 1941 1250 1968 ‘2
1270 1944 1365 1979 ‹lig-nis
1385 1945 1456 1973 fehlt
1476 1947 1507 1974 B.

723 2072 769 2103 29.
808 2072 849 2104 De
869 2075 975 2104 sancta
994 2074 1128 2113 Brigida.

429 2160 473 2190 In
499 2159 529 2190 1.
554 2158 658 2197 Vesp
670 2159 762 2190 eris.

473 2212 564 2248 Super
582 2213 721 2240 Psalmos-

293 2261 333 2291 A.
359 2260 453 2299 Virgo
478 2263 585 2291 sancta
607 2260 745 2300 Brigida.

405 2307 467 2338 Pro
490 2306 579 2337 nobis
604 2315 706 2338 exora.

1020 2161 1125 2194 Corda
1148 2163 1252 2203 rigans
1277 2166 1367 2198 arida

1064 2208 1208 2248 Desuper
1230 2211 1341 2249 irrora,

1022 2254 1068 2286 Sit
1093 2263 1179 2286 mens
1204 2257 1327 2290 Christo
1352 2260 1488 2301 placida,

1067 2302 1137 2334 Vox
1160 2302 1262 2335 laudis
1285 2313 1408 2341 sonora.
