1679 2491
739 89 968 124 -59-

293 183 328 209 In
351 182 374 210 1,
395 183 478 210 Noct.
498 181 521 209 A
544 182 568 216 1,
588 183 607 211 4
625 184 667 211 Ut
686 187 715 211 et
732 185 785 210 toti
803 184 909 210 mundo
932 183 980 210 det
999 184 1094 211 cibum
1113 183 1145 210 B.
1167 196 1199 200 -—
1222 181 1243 209 A
1266 181 1292 216 3,
1314 185 1332 210 *Δ
1351 191 1501 219 argumen-

218 221 279 246 tum
298 219 331 246 Β.
351 233 389 238 -
408 216 432 246 Α
451 217 477 251 4,
498 218 515 247 3
536 221 598 253 Quo
619 220 685 247 dum
705 222 781 247 totus
800 219 835 246 A.
854 235 891 240 —-
910 218 933 245 A
953 219 978 253 5,
1000 218 1018 246 2
1036 220 1157 255 gloriam
1170 219 1205 245 A.
1219 233 1255 238 —-
1270 217 1290 244 Β
1313 219 1336 252 1,
1360 219 1374 246 1
1389 220 1499 248 Civitas

217 256 325 283 nobilis
344 257 503 291 Targasten
523 258 557 284 B.
577 272 614 277 —-
633 255 655 282 Β
677 256 701 289 1,
724 254 741 283 3
761 259 867 283 turrem
885 256 920 283 A.
940 271 977 275 —
998 255 1018 282 Β
1039 255 1064 291 3,
1088 255 1102 283 1
1122 256 1167 284 Ad
1185 257 1264 283 rudis
1283 256 1316 283 B.
1337 270 1374 275 —
1394 255 1413 282 Β
1432 255 1459 290 4,
1480 256 1502 284 ὅ

218 293 347 320 Polleret
363 293 452 320 1talia
469 293 504 320 A.
524 308 561 313 -
579 295 615 321 In
633 291 660 319 2.
679 295 762 321 Noct.
782 291 805 319 A
824 291 851 327 2,
871 292 890 320 4
908 294 953 320 De
973 297 1106 329 terraque
1123 294 1157 320 B.
1177 307 1214 312 —
1233 291 1255 319 A
1276 291 1302 326 6,
1323 290 1341 321 3
1360 295 1498 321 scientiae

219 337 348 357 summae
365 329 398 357 B.
418 345 457 349 —
475 329 498 355 A
519 329 544 364 6,
564 329 583 357 4
600 330 673 358 fehlt
690 331 723 357 A.
744 345 781 349 —
800 327 822 356 A
843 328 869 364 6,
893 328 909 356 6
925 331 1066 365 jucundat
1081 330 1115 357 A.
1129 344 1164 349 —
1178 327 1201 355 A
1222 329 1247 363 6,
1268 328 1285 355 7
1298 330 1355 357 Par
1373 332 1403 357 te
1415 330 1447 357 B.
1463 344 1497 348 —

219 364 240 392 Β
262 366 287 400 1,
306 365 326 393 4
346 368 430 401 quasi
448 369 541 394 rector
561 368 619 394 AB.
638 381 675 385 —
695 365 716 392 Β
736 364 762 400 3,
784 366 803 394 4
822 367 900 394 alere
918 368 1034 394 nuntiat.
1046 367 1086 402 A;
1105 367 1175 395 lies:
1194 367 1261 394 vale
1279 367 1442 393 renuntiat?
1460 382 1499 386 —

217 403 255 430 In
273 401 299 431 3.
319 403 403 431 Noct.
426 402 446 429 Β
469 402 499 436 1,
524 402 541 430 2
560 404 665 431 Factus
689 404 839 439 episcopus
858 404 892 431 A.
914 417 949 422 —
971 401 991 430 Β
1014 403 1038 438 1,
1058 402 1078 431 4
1095 404 1163 431 lies:
1191 403 1308 431 verbum
1329 403 1430 430 salutis
1451 403 1499 430 do-

219 442 281 467 cet?
301 456 337 460 -—
358 438 378 466 Β
402 439 425 475 1,
446 439 463 468 6
483 441 551 468 lies:
572 441 741 467 Donatistas
761 441 900 475 maxime,
922 441 968 468 die
986 441 1040 467 Hs.
1061 441 1124 476 ffigt
1142 440 1215 468 noch
1233 441 1293 468 hei:
1312 440 1501 467 Manichaeos

220 480 307 513 atque
327 485 468 513 paganos,
497 486 555 505 was
576 479 689 512 spatere
709 477 813 504 Zuthat
832 477 952 505 scheint.
973 491 1008 496 -—
1029 475 1050 503 Β
1070 475 1101 511 4,
1130 476 1146 504 9
1166 485 1259 513 neque
1278 484 1392 512 quaque
1409 476 1443 503 B.
1464 491 1498 495 —

218 514 254 540 In
272 515 364 541 Laud.
385 512 408 540 A
428 512 454 548 3,
475 512 492 541 3
513 514 641 542 Satiatus
660 515 694 548 A,
714 514 834 542 satiavit
851 514 885 541 B.
900 528 934 532 —
949 513 971 540 A
991 513 1018 547 4,
1039 512 1056 541 3
1076 514 1224 541 benedixit
1235 513 1269 540 A.
1283 528 1321 532 —
1334 513 1380 540 Ad
1393 513 1502 540 Bened.

220 549 253 584 A,
272 549 290 578 3
310 551 458 579 Benedicti
479 553 592 579 constat
610 552 641 579 B.

678 677 718 708 19.
757 677 800 707 De
819 675 924 706 sancto
944 675 1046 706 Baldo.

354 764 398 795 In
425 764 454 796 1.
480 763 691 802 Vesperis.

431 827 621 861 Autiphonae.

230 888 262 919 1.
287 887 325 918 In
348 890 527 919 sanctorum
550 887 769 925 splendoribus

334 933 435 965 Natus
458 936 531 964 ante
552 932 716 964 luciferum

289 978 392 1018 Signis
415 979 581 1010 micantem
600 978 744 1017 pluribus

334 1025 388 1056 Sol
411 1025 501 1057 nobis
524 1024 610 1055 misit
631 1024 816 1064 Hesperum.

232 1100 262 1133 2.
290 1099 334 1130 Ut
357 1097 518 1137 Hesperus
544 1098 655 1129 enituit

335 1144 453 1176 Baldus
477 1152 597 1175 morum
622 1143 804 1182 fulgoribus,

289 1189 330 1221 Se
352 1190 430 1228 Deo,
456 1199 513 1221 sua
534 1190 647 1221 tribuit

334 1236 379 1267 Et
403 1236 552 1274 dispersit
574 1234 774 1274 pauperihus,

232 1310 264 1341 3.
290 1308 335 1340 Ut
360 1317 427 1340 eum
456 1317 523 1339 cum
546 1308 741 1347 principibus

336 1354 390 1386 Sui
415 1355 548 1385 collocet
569 1353 687 1392 populi,

291 1400 432 1431 Christus
455 1401 538 1431 hunc
561 1408 581 1430 a
603 1400 784 1431 tumultibus

335 1446 436 1485 Hujus
462 1447 578 1477 exserit
601 1446 726 1477 saeculi.

231 1522 262 1552 4.
291 1518 402 1552 Cordis
428 1523 538 1558 optans
563 1527 601 1549 ex
625 1519 733 1550 intimo

334 1565 492 1597 Passionis
516 1566 695 1596 instantiam

290 1612 365 1644 Sese
389 1611 492 1643 laudis
516 1611 667 1642 altissimo

335 1657 531 1689 Sacrificavit
551 1658 693 1690 hostiam.

232 1733 263 1765 5.
291 1731 336 1764 Ut
359 1732 460 1763 sancti
485 1731 531 1762 sic
555 1729 697 1762 effloreat

334 1777 428 1809 Baldi
452 1777 662 1816 fructificatio,

291 1823 441 1856 Goelestis
465 1824 548 1854 hunc
570 1823 624 1854 lux
648 1823 782 1861 trabeat,

335 1870 494 1901 Virtutum
519 1870 612 1907 plena
636 1869 734 1900 radio.

410 1951 455 1978 Ad
473 1949 650 1986 Magnificat.

219 2015 260 2048 A.
287 2015 367 2053 Ave,
394 2013 520 2053 praesul
545 2012 666 2049 eximie,

334 2060 492 2091 Virtutum
516 2057 630 2090 florens
652 2056 791 2096 floribus,

335 2107 395 2145 Qui
418 2106 522 2137 caruis
545 2104 626 2137 liber
649 2104 780 2136 nexibus

290 2153 416 2187 Goelum
442 2152 625 2184 conscendis
649 2151 752 2193 hodie,

337 2200 413 2231 Tuis
436 2208 504 2238 nos,
526 2198 637 2240 Bakle,
662 2196 808 2236 precihus

334 2246 383 2278 De
407 2246 502 2278 maris
526 2245 618 2285 huJus
642 2244 788 2276 fluctibus

287 2291 440 2325 Transfer
464 2292 505 2325 ad
529 2294 655 2331 portum
678 2290 811 2331 patriae.

1019 763 1079 794 Ad
1103 762 1365 794 Matutinum.

1087 825 1298 852 Invitatoriurn.

954 890 1080 922 Adsunt
1101 890 1196 921 Baldi
1218 889 1375 929 pontificis

1000 937 1188 967 Veneranda
1211 936 1370 975 solemnia,

953 982 1071 1014 Laudis
1095 991 1171 1013 sono
1194 982 1361 1020 multiplici

1000 1028 1135 1059 Plaudat
1158 1031 1258 1059 mater
1282 1027 1423 1059 ecclesia.

1015 1129 1059 1160 In
1086 1129 1116 1160 1.
1144 1128 1371 1161 Nocturno.

1098 1192 1288 1227 Antiphonae.

923 1280 930 1287 .
957 1257 1050 1295 Quasi
1074 1259 1165 1287 natus
1186 1259 1240 1287 aut
1262 1257 1423 1294 plantatus

975 1311 979 1315 ·
1000 1302 1072 1333 Rivi
1096 1310 1184 1333 secus
1208 1303 1329 1333 alveum

1002 1349 1150 1379 Fructum
1174 1350 1408 1387 temporaneum

955 1394 1090 1425 Protulit
1113 1394 1232 1425 Baldus
1254 1393 1373 1424 beatus.

924 1475 930 1482 .
955 1449 1154 1480 Praedicavit
1179 1451 1211 1479 et
1234 1448 1371 1480 servavit

1000 1494 1196 1526 Dominicum
1219 1496 1421 1534 praeceptum

1002 1540 1046 1571 Et
1070 1541 1198 1572 coelitus
1222 1544 1383 1579 acceptum

956 1587 1121 1618 Talentum
1143 1587 1375 1626 multiplicavit.

922 1666 929 1675 .
955 1642 1037 1673 Dum
1061 1642 1168 1682 obivit,
1194 1641 1384 1674 obdormivit

1002 1688 1171 1727 Soporatus
1195 1688 1303 1727 requie

1001 1734 1045 1766 Et
1069 1744 1088 1766 a
1113 1734 1214 1765 carnis
1240 1734 1323 1765 carie

952 1781 1050 1812 Liber
1075 1780 1193 1811 coelum
1216 1780 1367 1811 introivit.

1094 1861 1297 1896 Responsoria.

901 1919 930 1951 1.
957 1918 1010 1950 Ad
1034 1918 1180 1949 honorem
1205 1915 1324 1956 opificis

959 1964 1077 1997 Summi
1099 1963 1192 1995 Baldi
1215 1963 1372 2002 pontificis

1004 2009 1165 2043 Laudibus
1189 2010 1377 2052 insistamus,

957 2056 1002 2089 Ut
1025 2057 1066 2088 ad
1091 2057 1225 2088 coeleste
1246 2056 1387 2088 bravium

955 2103 1017 2135 Per
1040 2103 1106 2142 ejus
1131 2103 1338 2142 patrocinium

1001 2149 1077 2182 Post
1100 2157 1222 2181 cursum
1246 2150 1446 2190 attingamus,

923 2222 930 2229 .
955 2195 1043 2228 Votis
1067 2196 1190 2235 hymnis
1215 2199 1246 2227 et
1271 2196 1400 2228 canticis

1004 2242 1073 2273 Viri
1097 2242 1197 2274 sancti
1219 2243 1420 2282 praeconium

1051 2289 1220 2321 Laetantes
1244 2290 1435 2322 attollamus.
