1679 2491
685 69 940 103 -187-—

324 161 368 193 In
392 161 622 195 Laudibus.

387 233 579 271 Antiphonae.

205 314 213 322 .
239 291 419 323 Ludovicus
442 291 539 323 hodie

283 337 437 369 Decorem
458 337 587 369 indutus

239 384 299 415 Est
324 385 466 415 coelestis
491 385 613 423 patriae

284 429 425 469 Regnum
451 434 640 463 consecutus

207 510 214 517 .
241 486 347 518 Omnis
372 488 457 517 terra
481 486 591 523 jubilet

284 532 352 563 Deo
377 533 461 564 laeta
485 533 636 573 serviens,

237 578 401 610 Laudibus
425 579 568 618 invigilet

284 624 409 656 Novum
433 624 546 656 festum
571 625 698 657 faciens.

206 704 212 712 .
241 680 294 711 Ad
319 684 360 721 te,
383 680 470 712 Deus
494 689 590 721 meus,

284 726 416 766 Semper
438 727 579 766 vigilavit,

244 773 358 812 Sicque
382 782 536 813 nunquam
562 769 633 804 reus

287 819 398 851 Coelos
421 820 608 858 penetravit.

210 902 216 909 ,
240 875 410 907 Benedixit
434 877 606 906 creatorem

287 923 325 953 In
348 922 412 952 suis
437 922 583 961 operibus

240 968 419 1000 Ludovicus
443 976 554 1007 gerens
578 976 695 999 morem

287 1014 401 1046 Datum
429 1014 508 1046 coeli
534 1014 663 1047 civibus.

209 1097 216 1105 ,
242 1070 422 1101 Ludovicus
446 1070 613 1101 Dominum

284 1116 333 1147 De
358 1116 452 1148 coelis
476 1115 626 1154 laudavit,

238 1164 367 1202 Quando
392 1163 476 1195 vitae
499 1163 665 1194 terminum

288 1209 381 1241 Coelo
408 1209 575 1241 dedicavit.

356 1291 401 1318 Ad
419 1292 601 1320 Benedictus.

207 1377 213 1383 .
238 1348 429 1380 Benedictus
454 1349 615 1389 Dominus,

288 1395 347 1433 Qui
370 1395 460 1426 nobis
486 1395 586 1427 erexit

245 1442 360 1481 Cornu,
385 1442 468 1481 quod
492 1441 687 1480 paulominus

287 1488 318 1520 A
341 1488 448 1520 David
470 1488 588 1527 dilexit,

243 1535 305 1566 Hie
328 1536 444 1566 virtute
468 1535 606 1575 geminus

284 1581 355 1614 Rex
377 1582 412 1613 in
435 1589 516 1620 pace
539 1582 632 1621 rexit,

243 1628 339 1667 Quem
363 1628 493 1668 regendi
517 1628 667 1660 terminus

286 1675 340 1707 Ad
365 1675 483 1707 coelum
509 1675 633 1707 direxit.

314 1786 361 1817 In
386 1788 418 1818 2.
443 1786 550 1825 Vesp
563 1787 656 1817 eris.

363 1858 408 1885 Ad
426 1858 602 1894 Magnifieat.

211 1944 217 1950 .
244 1915 429 1956 Magnificat
451 1915 609 1948 miraculis

291 1963 486 1995 Ludovioum
511 1962 669 2002 divinitas,

244 2011 280 2042 In
308 2019 367 2050 quo
395 2013 577 2042 cunctorum
602 2010 699 2041 oculis

288 2056 393 2089 David
418 2056 507 2088 fulsit
530 2056 699 2095 humilitas,

241 2104 416 2137 Salomonis
440 2103 591 2135 serenitas

241 2151 285 2183 Et
307 2151 465 2183 Ezechiae
488 2151 617 2192 veritas,

288 2198 386 2236 Quem
408 2199 581 2238 gratiarum
605 2198 705 2229 titulis

288 2245 462 2278 Solemnem
488 2243 564 2276 fecit
583 2245 708 2284 populis

242 2293 349 2325 Josiae
371 2302 430 2333 par
454 2292 641 2332 benignitas.

991 163 1017 194 P
1028 170 1045 193 e
1053 170 1070 192 r
1099 160 1123 193 O
1134 169 1151 191 c
1158 163 1171 191 t
1178 169 1197 191 a
1205 169 1224 192 v
1233 168 1252 191 a
1260 168 1301 192 m.

1051 234 1242 269 Antiphonae¹

876 317 883 324 .
908 292 1076 331 Ludoviee‚
1102 300 1157 323 rex
1180 290 1399 327 Franseorum,

909 340 947 371 In
971 337 1064 369 felice
1086 338 1248 369 beatorum

955 385 1063 424 Regno
1087 385 1224 424 gaudens
1249 383 1357 423 gloria,

912 430 961 462 De
985 431 1044 462 hae
1067 431 1149 462 valle
1172 430 1354 462 miserorum

908 477 1007 509 Recto
1030 477 1109 508 calle
1132 485 1188 508 nos
1209 477 1362 516 justorum

955 523 1024 554 Duc
1047 524 1088 555 ad
1114 523 1190 554 coeli
1215 523 1337 563 gaudia.

876 618 883 625 .
910 592 1093 633 Magnificat
1115 592 1282 624 Dominum

956 639 1000 671 Et
1024 640 1158 671 exsultet
1180 639 1309 678 spiritus

1003 686 1177 724 Pauperum
1204 688 1235 716 et
1259 684 1388 717 divitum

1047 732 1085 764 In
1108 731 1176 763 Deo
1200 731 1341 770 salutari,

912 777 970 815 Qui
994 778 1099 816 generi
1123 777 1280 809 hominum

956 824 1050 855 Hune
1073 832 1175 864 regem
1203 824 1349 855 divinitus

1001 869 1194 901 Ludovicum
1220 870 1361 901 inolitum

1048 915 1145 948 Dedit
1169 925 1226 955 pro
1251 917 1430 955 exemplari.

876 1010 884 1018 .
912 986 983 1018 Jam
1006 987 1131 1017 sanctus
1155 988 1229 1025 post
1251 986 1389 1018 laborem

959 1033 1153 1072 Recepturus
1177 1033 1348 1071 praemium

913 1079 1124 1118 Regnaturum
1147 1079 1297 1117 majorem

959 1125 1153 1157 Exhortatur
1176 1124 1274 1157 filium

911 1172 963 1203 Ad
988 1171 1095 1203 matris
1119 1172 1276 1211 honorem,

913 1218 962 1250 De
984 1218 1048 1250 fide
1068 1221 1099 1248 et
1121 1218 1259 1250 moribus

956 1265 1187 1296 Testamentum
1214 1264 1355 1296 condidit

912 1310 956 1343 Et
976 1311 1066 1343 bonis
1091 1311 1237 1350 operibus

958 1357 1223 1396 Complementum
1247 1357 1374 1390 addidit

910 1403 1058 1436 Divinum
1083 1412 1229 1436 amorem.

878 1501 884 1507 .
912 1475 936 1506 O
962 1476 1081 1513 martyr
1107 1474 1273 1515 desiderio,

911 1521 1009 1559 Quam
1032 1521 1086 1560 pie
1108 1521 1220 1552 mentis
1244 1522 1348 1553 studio

959 1567 1112 1599 Crucifixo
1137 1568 1332 1607 compateris,

917 1614 1010 1653 CuJ'us
1034 1623 1155 1645 crucem
1179 1615 1212 1646 in
1235 1615 1372 1646 humeris

959 1661 1035 1692 Tuis
1059 1660 1215 1699 adfinisth

914 1708 1022 1738 Passio
1047 1707 1106 1738 tibi
1131 1706 1248 1749 deficit,

915 1753 976 1785 Sed
1001 1756 1171 1792 martyrem
1198 1757 1230 1784 te
1255 1752 1350 1785 efficit

959 1800 1081 1832 Fervor
1106 1804 1138 1831 et
1160 1801 1245 1831 relus
1271 1800 1395 1834 Christi.

879 1892 886 1901 .
913 1871 960 1901 Tu
987 1878 1149 1901 caecorum
1174 1871 1290 1910 oculus,

915 1915 1072 1948 Debilium
1096 1916 1235 1956 baculus,

916 1963 1140 2002 oppressorum
1168 1964 1297 2003 clipeus,

913 2010 1131 2041 Perversorum
1157 2010 1297 2050 malleus,

958 2056 1102 2088 Nutritur
1125 2057 1295 2099 minorurn;

914 2103 1069 2135 Miserere
1091 2105 1201 2144 populi

912 2150 958 2181 Te
980 2150 1110 2182 laudare
1134 2151 1246 2192 seduli,

915 2196 1037 2229 Nobilis
1062 2206 1117 2229 rex
1140 2198 1303 2240 Franciae,

913 2243 1084 2285 Ludovice‚
1110 2245 1228 2285 gloriae

962 2291 1096 2324 Consors
1119 2292 1291 2329 beatorum.
