<?xml version="1.0" encoding="UTF-8"?>
<!DOCTYPE html PUBLIC "-//W3C//DTD XHTML 1.0 Transitional//EN"
    "http://www.w3.org/TR/xhtml1/DTD/xhtml1-transitional.dtd">
<html xmlns="http://www.w3.org/1999/xhtml" xml:lang="en" lang="en">
 <head>
  <title>
</title>
<meta http-equiv="Content-Type" content="text/html;charset=utf-8" />
  <meta name='ocr-system' content='tesseract 3.04.00' />
  <meta name='ocr-capabilities' content='ocr_page ocr_carea ocr_par ocr_line ocrx_word'/>
</head>
<body>
  <div class='ocr_page' id='page_1' title='image "./analectahymnica13drevuoft_00254.png"; bbox 0 0 1674 2492; ppageno 0'>
   <div class='ocr_carea' id='block_1_1' title="bbox 679 98 931 132">
    <p class='ocr_par' dir='ltr' id='par_1_1' title="bbox 679 98 931 132">
     <span class='ocr_line' id='line_1_1' title="bbox 679 98 931 132; baseline 0.004 -1"><span class='ocrx_word' id='word_1_1' title='bbox 679 98 834 132; x_wconf 80' lang='lat'>—251</span> <span class='ocrx_word' id='word_1_2' title='bbox 887 118 931 123; x_wconf 91' lang='lat'>-—</span> 
     </span>
    </p>
   </div>
   <div class='ocr_carea' id='block_1_2' title="bbox 165 185 774 286">
    <p class='ocr_par' dir='ltr' id='par_1_2' title="bbox 165 185 774 286">
     <span class='ocr_line' id='line_1_2' title="bbox 165 185 774 228; baseline 0.013 -13"><span class='ocrx_word' id='word_1_3' title='bbox 165 185 235 216; x_wconf 87' lang='lat' dir='ltr'>Per</span> <span class='ocrx_word' id='word_1_4' title='bbox 260 185 436 218; x_wconf 75' lang='lat' dir='ltr'>Octavam</span> <span class='ocrx_word' id='word_1_5' title='bbox 464 188 510 219; x_wconf 84' lang='lat' dir='ltr'>ad</span> <span class='ocrx_word' id='word_1_6' title='bbox 532 189 774 228; x_wconf 86' lang='lat' dir='ltr'>Magnificat.</span> 
     </span>
     <span class='ocr_line' id='line_1_3' title="bbox 374 250 565 286; baseline 0.01 -9"><span class='ocrx_word' id='word_1_7' title='bbox 374 250 565 286; x_wconf 84' lang='lat' dir='ltr'>Antiphonae.</span> 
     </span>
    </p>
   </div>
   <div class='ocr_carea' id='block_1_3' title="bbox 174 306 726 581">
    <p class='ocr_par' dir='ltr' id='par_1_3' title="bbox 174 306 726 581">
     <span class='ocr_line' id='line_1_4' title="bbox 174 306 726 348; baseline 0.011 -11"><span class='ocrx_word' id='word_1_8' title='bbox 174 306 203 337; x_wconf 90' lang='lat'>1.</span> <span class='ocrx_word' id='word_1_9' title='bbox 231 307 333 346; x_wconf 87' lang='lat' dir='ltr'>Salve,</span> <span class='ocrx_word' id='word_1_10' title='bbox 359 307 489 348; x_wconf 83' lang='lat' dir='ltr'>Thoma,</span> <span class='ocrx_word' id='word_1_11' title='bbox 515 312 623 348; x_wconf 84' lang='lat' dir='ltr'>pastor</span> <span class='ocrx_word' id='word_1_12' title='bbox 646 311 726 343; x_wconf 86' lang='lat' dir='ltr'>bone</span> 
     </span>
     <span class='ocr_line' id='line_1_5' title="bbox 231 352 695 398; baseline 0.006 -13"><span class='ocrx_word' id='word_1_13' title='bbox 231 352 348 385; x_wconf 77' lang='lat' dir='ltr'><strong>Christi</strong></span> <span class='ocrx_word' id='word_1_14' title='bbox 372 355 474 394; x_wconf 84' lang='lat' dir='ltr'>gregis</span> <span class='ocrx_word' id='word_1_15' title='bbox 500 358 531 386; x_wconf 89' lang='lat' dir='ltr'>et</span> <span class='ocrx_word' id='word_1_16' title='bbox 554 359 695 398; x_wconf 82' lang='lat' dir='ltr'>patrone,</span> 
     </span>
     <span class='ocr_line' id='line_1_6' title="bbox 275 399 618 442; baseline 0.012 -12"><span class='ocrx_word' id='word_1_17' title='bbox 275 399 300 431; x_wconf 94' lang='lat' dir='ltr'>O</span> <span class='ocrx_word' id='word_1_18' title='bbox 327 400 435 431; x_wconf 87' lang='lat' dir='ltr'>doctor</span> <span class='ocrx_word' id='word_1_19' title='bbox 459 402 618 442; x_wconf 88' lang='lat' dir='ltr'>ecclesiae,</span> 
     </span>
     <span class='ocr_line' id='line_1_7' title="bbox 232 446 723 489; baseline 0.008 -11"><span class='ocrx_word' id='word_1_20' title='bbox 232 446 339 485; x_wconf 84' lang='lat' dir='ltr'>Opem,</span> <span class='ocrx_word' id='word_1_21' title='bbox 366 455 489 487; x_wconf 82' lang='lat' dir='ltr'>quaeso,</span> <span class='ocrx_word' id='word_1_22' title='bbox 516 447 564 479; x_wconf 91' lang='lat' dir='ltr'>fer</span> <span class='ocrx_word' id='word_1_23' title='bbox 588 451 723 489; x_wconf 83' lang='lat' dir='ltr'>aegrotis</span> 
     </span>
     <span class='ocr_line' id='line_1_8' title="bbox 228 493 656 532; baseline 0.009 -9"><span class='ocrx_word' id='word_1_24' title='bbox 228 493 333 532; x_wconf 83' lang='lat' dir='ltr'><strong>Atque</strong></span> <span class='ocrx_word' id='word_1_25' title='bbox 355 494 511 525; x_wconf 86' lang='lat' dir='ltr'>mentibus</span> <span class='ocrx_word' id='word_1_26' title='bbox 538 495 656 527; x_wconf 88' lang='lat' dir='ltr'>devotis</span> 
     </span>
     <span class='ocr_line' id='line_1_9' title="bbox 276 538 670 581; baseline 0.013 -11"><span class='ocrx_word' id='word_1_27' title='bbox 276 538 391 570; x_wconf 80' lang='lat' dir='ltr'>Confer</span> <span class='ocrx_word' id='word_1_28' title='bbox 414 540 518 572; x_wconf 91' lang='lat' dir='ltr'>lumen</span> <span class='ocrx_word' id='word_1_29' title='bbox 542 543 670 581; x_wconf 78' lang='lat' dir='ltr'>gratiae.</span> 
     </span>
    </p>
   </div>
   <div class='ocr_carea' id='block_1_4' title="bbox 171 594 749 867">
    <p class='ocr_par' dir='ltr' id='par_1_4' title="bbox 171 594 749 867">
     <span class='ocr_line' id='line_1_10' title="bbox 171 594 684 630; baseline 0.01 -5"><span class='ocrx_word' id='word_1_30' title='bbox 171 596 202 626; x_wconf 85' lang='lat'>2.</span> <span class='ocrx_word' id='word_1_31' title='bbox 229 594 311 625; x_wconf 88' lang='lat' dir='ltr'>Puer</span> <span class='ocrx_word' id='word_1_32' title='bbox 334 604 454 627; x_wconf 88' lang='lat' dir='ltr'>mersus</span> <span class='ocrx_word' id='word_1_33' title='bbox 476 598 571 628; x_wconf 85' lang='lat' dir='ltr'>morti</span> <span class='ocrx_word' id='word_1_34' title='bbox 594 598 684 630; x_wconf 86' lang='lat' dir='ltr'>datus</span> 
     </span>
     <span class='ocr_line' id='line_1_11' title="bbox 228 641 749 677; baseline 0.012 -6"><span class='ocrx_word' id='word_1_35' title='bbox 228 641 370 672; x_wconf 83' lang='lat' dir='ltr'>Tandem</span> <span class='ocrx_word' id='word_1_36' title='bbox 393 642 531 674; x_wconf 83' lang='lat' dir='ltr'>Thomae</span> <span class='ocrx_word' id='word_1_37' title='bbox 555 648 749 677; x_wconf 84' lang='lat' dir='ltr'>mensuratus</span> 
     </span>
     <span class='ocr_line' id='line_1_12' title="bbox 273 687 626 730; baseline 0.011 -12"><span class='ocrx_word' id='word_1_38' title='bbox 273 687 334 718; x_wconf 85' lang='lat' dir='ltr'>Est</span> <span class='ocrx_word' id='word_1_39' title='bbox 357 689 442 727; x_wconf 85' lang='lat' dir='ltr'>apud</span> <span class='ocrx_word' id='word_1_40' title='bbox 467 689 626 730; x_wconf 81' lang='lat' dir='ltr'>Oxoniam,</span> 
     </span>
     <span class='ocr_line' id='line_1_13' title="bbox 230 734 643 773; baseline 0.01 -9"><span class='ocrx_word' id='word_1_41' title='bbox 230 734 289 773; x_wconf 76' lang='lat' dir='ltr'>Qui</span> <span class='ocrx_word' id='word_1_42' title='bbox 312 735 419 766; x_wconf 86' lang='lat' dir='ltr'>statim</span> <span class='ocrx_word' id='word_1_43' title='bbox 441 736 643 768; x_wconf 85' lang='lat' dir='ltr'>resuscitatus</span> 
     </span>
     <span class='ocr_line' id='line_1_14' title="bbox 229 781 626 814; baseline 0.003 -1"><span class='ocrx_word' id='word_1_44' title='bbox 229 781 276 813; x_wconf 91' lang='lat' dir='ltr'>Ut</span> <span class='ocrx_word' id='word_1_45' title='bbox 299 790 318 811; x_wconf 87' lang='lat' dir='ltr'>a</span> <span class='ocrx_word' id='word_1_46' title='bbox 342 790 448 813; x_wconf 88' lang='lat' dir='ltr'>somno</span> <span class='ocrx_word' id='word_1_47' title='bbox 475 783 626 814; x_wconf 82' lang='lat' dir='ltr'>excitatus</span> 
     </span>
     <span class='ocr_line' id='line_1_15' title="bbox 273 827 620 867; baseline 0.003 -9"><span class='ocrx_word' id='word_1_48' title='bbox 273 827 334 858; x_wconf 88' lang='lat' dir='ltr'>Dei</span> <span class='ocrx_word' id='word_1_49' title='bbox 358 836 416 866; x_wconf 90' lang='lat' dir='ltr'>per</span> <span class='ocrx_word' id='word_1_50' title='bbox 438 829 620 867; x_wconf 87' lang='lat' dir='ltr'>potentiam,</span> 
     </span>
    </p>
   </div>
   <div class='ocr_carea' id='block_1_5' title="bbox 899 193 1293 319">
    <p class='ocr_par' dir='ltr' id='par_1_5' title="bbox 899 193 1293 319">
     <span class='ocr_line' id='line_1_16' title="bbox 901 193 1122 235; baseline -0.005 -10"><span class='ocrx_word' id='word_1_51' title='bbox 901 193 975 225; x_wconf 82' lang='lat' dir='ltr'>Cum</span> <span class='ocrx_word' id='word_1_52' title='bbox 1000 193 1122 235; x_wconf 77' lang='lat' dir='ltr'>revixit,</span> 
     </span>
     <span class='ocr_line' id='line_1_17' title="bbox 899 240 1164 272; baseline 0 0"><span class='ocrx_word' id='word_1_53' title='bbox 899 240 1042 272; x_wconf 84' lang='lat' dir='ltr'>Clamans</span> <span class='ocrx_word' id='word_1_54' title='bbox 1069 240 1164 272; x_wconf 82' lang='lat' dir='ltr'>dixit:</span> 
     </span>
     <span class='ocr_line' id='line_1_18' title="bbox 943 285 1293 319; baseline 0.003 -1"><span class='ocrx_word' id='word_1_55' title='bbox 943 286 1058 318; x_wconf 83' lang='lat' dir='ltr'>Eamus</span> <span class='ocrx_word' id='word_1_56' title='bbox 1083 285 1293 319; x_wconf 86' lang='lat' dir='ltr'>Herfordiam.</span> 
     </span>
    </p>
   </div>
   <div class='ocr_carea' id='block_1_6' title="bbox 865 360 1303 400">
    <p class='ocr_par' dir='ltr' id='par_1_6' title="bbox 865 360 1303 400">
     <span class='ocr_line' id='line_1_19' title="bbox 865 360 1303 400; baseline 0.002 -9"><span class='ocrx_word' id='word_1_57' title='bbox 865 385 871 391; x_wconf 96' lang='lat'>.</span> <span class='ocrx_word' id='word_1_58' title='bbox 898 360 967 391; x_wconf 78' lang='lat' dir='ltr'>Lux</span> <span class='ocrx_word' id='word_1_59' title='bbox 992 360 1091 400; x_wconf 77' lang='lat' dir='ltr'><strong>fulget</strong></span> <span class='ocrx_word' id='word_1_60' title='bbox 1118 369 1155 391; x_wconf 79' lang='lat' dir='ltr'>ex</span> <span class='ocrx_word' id='word_1_61' title='bbox 1179 361 1303 400; x_wconf 86' lang='lat' dir='ltr'>Anglia,</span> 
     </span>
    </p>
   </div>
   <div class='ocr_carea' id='block_1_7' title="bbox 897 407 1306 815">
    <p class='ocr_par' dir='ltr' id='par_1_7' title="bbox 897 407 1306 815">
     <span class='ocr_line' id='line_1_20' title="bbox 898 407 1306 447; baseline 0.002 -10"><span class='ocrx_word' id='word_1_62' title='bbox 898 407 1042 446; x_wconf 83' lang='lat' dir='ltr'>Thomas,</span> <span class='ocrx_word' id='word_1_63' title='bbox 1071 407 1117 438; x_wconf 89' lang='lat' dir='ltr'>vir</span> <span class='ocrx_word' id='word_1_64' title='bbox 1140 407 1306 447; x_wconf 84' lang='lat' dir='ltr'>angelicus,</span> 
     </span>
     <span class='ocr_line' id='line_1_21' title="bbox 897 452 1199 492; baseline -0.003 -8"><span class='ocrx_word' id='word_1_65' title='bbox 897 452 1019 484; x_wconf 82' lang='lat' dir='ltr'>Nobilis</span> <span class='ocrx_word' id='word_1_66' title='bbox 1043 454 1199 492; x_wconf 79' lang='lat' dir='ltr'>prosapia,</span> 
     </span>
     <span class='ocr_line' id='line_1_22' title="bbox 900 499 1252 537; baseline 0 -7"><span class='ocrx_word' id='word_1_67' title='bbox 900 499 1029 530; x_wconf 85' lang='lat' dir='ltr'>Praesul</span> <span class='ocrx_word' id='word_1_68' title='bbox 1053 499 1252 537; x_wconf 73' lang='lat' dir='ltr'>apostolicus,</span> 
     </span>
     <span class='ocr_line' id='line_1_23' title="bbox 943 545 1238 578; baseline 0 -1"><span class='ocrx_word' id='word_1_69' title='bbox 943 546 1063 577; x_wconf 87' lang='lat' dir='ltr'>Doctor</span> <span class='ocrx_word' id='word_1_70' title='bbox 1087 545 1238 578; x_wconf 67' lang='lat' dir='ltr'>veritatis</span> 
     </span>
     <span class='ocr_line' id='line_1_24' title="bbox 898 591 1245 631; baseline 0.003 -9"><span class='ocrx_word' id='word_1_71' title='bbox 898 591 990 623; x_wconf 82' lang='lat' dir='ltr'>Dona</span> <span class='ocrx_word' id='word_1_72' title='bbox 1013 591 1102 623; x_wconf 87' lang='lat' dir='ltr'>nobis</span> <span class='ocrx_word' id='word_1_73' title='bbox 1126 592 1245 631; x_wconf 80' lang='lat' dir='ltr'>gratiae</span> 
     </span>
     <span class='ocr_line' id='line_1_25' title="bbox 901 636 1244 678; baseline -0.003 -9"><span class='ocrx_word' id='word_1_74' title='bbox 901 636 1017 669; x_wconf 83' lang='lat' dir='ltr'>Christi</span> <span class='ocrx_word' id='word_1_75' title='bbox 1040 638 1244 678; x_wconf 77' lang='lat' dir='ltr'>patrocinium</span> 
     </span>
     <span class='ocr_line' id='line_1_26' title="bbox 899 684 1285 723; baseline 0 -8"><span class='ocrx_word' id='word_1_76' title='bbox 899 684 943 715; x_wconf 88' lang='lat' dir='ltr'>Et</span> <span class='ocrx_word' id='word_1_77' title='bbox 965 688 1040 723; x_wconf 85' lang='lat' dir='ltr'>post</span> <span class='ocrx_word' id='word_1_78' title='bbox 1063 684 1122 715; x_wconf 90' lang='lat' dir='ltr'>hoc</span> <span class='ocrx_word' id='word_1_79' title='bbox 1144 685 1285 715; x_wconf 79' lang='lat' dir='ltr'>exsilium</span> 
     </span>
     <span class='ocr_line' id='line_1_27' title="bbox 899 729 1282 762; baseline 0 -1"><span class='ocrx_word' id='word_1_80' title='bbox 899 730 948 761; x_wconf 88' lang='lat' dir='ltr'>Ac</span> <span class='ocrx_word' id='word_1_81' title='bbox 972 729 1094 761; x_wconf 81' lang='lat' dir='ltr'>felicem</span> <span class='ocrx_word' id='word_1_82' title='bbox 1118 731 1282 762; x_wconf 80' lang='lat' dir='ltr'>transitum</span> 
     </span>
     <span class='ocr_line' id='line_1_28' title="bbox 945 776 1256 815; baseline 0.003 -8"><span class='ocrx_word' id='word_1_83' title='bbox 945 776 1046 815; x_wconf 80' lang='lat' dir='ltr'>Junge</span> <span class='ocrx_word' id='word_1_84' title='bbox 1067 785 1123 807; x_wconf 89' lang='lat' dir='ltr'>nos</span> <span class='ocrx_word' id='word_1_85' title='bbox 1147 777 1256 809; x_wconf 84' lang='lat' dir='ltr'>beatis.</span> 
     </span>
    </p>
   </div>
   <div class='ocr_carea' id='block_1_8' title="bbox 163 900 1446 974">
    <p class='ocr_par' dir='ltr' id='par_1_8' title="bbox 163 900 1446 974">
     <span class='ocr_line' id='line_1_29' title="bbox 237 900 1440 940; baseline 0.003 -13"><span class='ocrx_word' id='word_1_86' title='bbox 237 900 321 927; x_wconf 86' lang='lat' dir='ltr'>Brev.</span> <span class='ocrx_word' id='word_1_87' title='bbox 341 901 553 929; x_wconf 73' lang='lat' dir='ltr'>Herefordense.</span> <span class='ocrx_word' id='word_1_88' title='bbox 572 904 641 938; x_wconf 88' lang='lat' dir='ltr'>imp.</span> <span class='ocrx_word' id='word_1_89' title='bbox 661 903 814 939; x_wconf 76' lang='lat' dir='ltr'>Rotomagi</span> <span class='ocrx_word' id='word_1_90' title='bbox 835 902 915 931; x_wconf 80' lang='lat'>1505.</span> <span class='ocrx_word' id='word_1_91' title='bbox 938 919 973 923; x_wconf 95' lang='lat'>-—</span> <span class='ocrx_word' id='word_1_92' title='bbox 993 905 1028 931; x_wconf 89' lang='lat' dir='ltr'>In</span> <span class='ocrx_word' id='word_1_93' title='bbox 1049 902 1073 932; x_wconf 90' lang='lat'>1.</span> <span class='ocrx_word' id='word_1_94' title='bbox 1093 905 1178 939; x_wconf 86' lang='lat' dir='ltr'>Vesp.</span> <span class='ocrx_word' id='word_1_95' title='bbox 1196 903 1217 929; x_wconf 91' lang='grc' dir='ltr'>Α</span> <span class='ocrx_word' id='word_1_96' title='bbox 1239 903 1264 938; x_wconf 88' lang='grc'>5,</span> <span class='ocrx_word' id='word_1_97' title='bbox 1286 904 1300 931; x_wconf 83' lang='grc'><strong>1</strong></span> <span class='ocrx_word' id='word_1_98' title='bbox 1320 906 1440 940; x_wconf 84' lang='lat' dir='ltr'>psallite.</span> 
     </span>
     <span class='ocr_line' id='line_1_30' title="bbox 163 936 1446 974; baseline 0.004 -10"><span class='ocrx_word' id='word_1_99' title='bbox 163 951 201 955; x_wconf 92' lang='lat'>—-</span> <span class='ocrx_word' id='word_1_100' title='bbox 219 937 255 964; x_wconf 89' lang='lat' dir='ltr'>In</span> <span class='ocrx_word' id='word_1_101' title='bbox 273 938 365 965; x_wconf 82' lang='lat' dir='ltr'>Laud.</span> <span class='ocrx_word' id='word_1_102' title='bbox 386 936 408 963; x_wconf 91' lang='grc' dir='ltr'>Α</span> <span class='ocrx_word' id='word_1_103' title='bbox 428 937 461 972; x_wconf 87' lang='grc'>4,</span> <span class='ocrx_word' id='word_1_104' title='bbox 489 937 509 966; x_wconf 83' lang='grc'>4</span> <span class='ocrx_word' id='word_1_105' title='bbox 533 939 681 966; x_wconf 77' lang='lat' dir='ltr'>decedunt.</span> <span class='ocrx_word' id='word_1_106' title='bbox 703 954 739 958; x_wconf 90' lang='lat'><strong>—</strong></span> <span class='ocrx_word' id='word_1_107' title='bbox 758 941 814 968; x_wconf 86' lang='lat' dir='ltr'>Per</span> <span class='ocrx_word' id='word_1_108' title='bbox 833 941 894 968; x_wconf 87' lang='lat' dir='ltr'>Oct.</span> <span class='ocrx_word' id='word_1_109' title='bbox 915 939 937 967; x_wconf 95' lang='grc' dir='ltr'>Α</span> <span class='ocrx_word' id='word_1_110' title='bbox 959 940 988 974; x_wconf 83' lang='grc'>2,</span> <span class='ocrx_word' id='word_1_111' title='bbox 1018 940 1034 969; x_wconf 89' lang='grc'><strong>9</strong></span> <span class='ocrx_word' id='word_1_112' title='bbox 1059 941 1096 967; x_wconf 81' lang='lat' dir='ltr'>ad</span> <span class='ocrx_word' id='word_1_113' title='bbox 1121 942 1311 969; x_wconf 82' lang='lat' dir='ltr'>Herfordiam.</span> <span class='ocrx_word' id='word_1_114' title='bbox 1332 958 1367 962; x_wconf 93' lang='lat'>—</span> <span class='ocrx_word' id='word_1_115' title='bbox 1386 943 1446 969; x_wconf 75' lang='lat' dir='ltr'>Fur</span> 
     </span>
    </p>
   </div>
   <div class='ocr_carea' id='block_1_9' title="bbox 164 974 859 1013">
    <p class='ocr_par' dir='ltr' id='par_1_9' title="bbox 164 974 859 1013">
     <span class='ocr_line' id='line_1_31' title="bbox 164 974 859 1013; baseline 0.006 -12"><span class='ocrx_word' id='word_1_116' title='bbox 164 974 212 1001; x_wconf 86' lang='lat' dir='ltr'>die</span> <span class='ocrx_word' id='word_1_117' title='bbox 230 975 366 1009; x_wconf 84' lang='lat' dir='ltr'>Hymnen</span> <span class='ocrx_word' id='word_1_118' title='bbox 385 975 443 1011; x_wconf 84' lang='lat' dir='ltr'>vgl.</span> <span class='ocrx_word' id='word_1_119' title='bbox 463 975 604 1004; x_wconf 86' lang='lat' dir='ltr'>Analecta</span> <span class='ocrx_word' id='word_1_120' title='bbox 622 978 672 1004; x_wconf 85' lang='lat' dir='ltr'>IX.</span> <span class='ocrx_word' id='word_1_121' title='bbox 692 986 721 1013; x_wconf 88' lang='lat' dir='ltr'>p.</span> <span class='ocrx_word' id='word_1_122' title='bbox 741 975 795 1005; x_wconf 86' lang='lat'>248</span> <span class='ocrx_word' id='word_1_123' title='bbox 816 987 859 1013; x_wconf 91' lang='lat' dir='ltr'>sq.</span> 
     </span>
    </p>
   </div>
   <div class='ocr_carea' id='block_1_10' title="bbox 598 1095 1015 1128">
    <p class='ocr_par' dir='ltr' id='par_1_10' title="bbox 598 1095 1015 1128">
     <span class='ocr_line' id='line_1_32' title="bbox 598 1095 1015 1128; baseline 0.007 -3"><span class='ocrx_word' id='word_1_124' title='bbox 598 1095 641 1126; x_wconf 86' lang='lat'>96.</span> <span class='ocrx_word' id='word_1_125' title='bbox 679 1096 722 1126; x_wconf 88' lang='lat' dir='ltr'>De</span> <span class='ocrx_word' id='word_1_126' title='bbox 742 1097 847 1127; x_wconf 86' lang='lat' dir='ltr'>sancto</span> <span class='ocrx_word' id='word_1_127' title='bbox 868 1096 1015 1128; x_wconf 83' lang='lat' dir='ltr'>Trudone.</span> 
     </span>
    </p>
   </div>
   <div class='ocr_carea' id='block_1_11' title="bbox 296 1163 638 1263">
    <p class='ocr_par' dir='ltr' id='par_1_11' title="bbox 296 1163 638 1263">
     <span class='ocr_line' id='line_1_33' title="bbox 296 1163 638 1202; baseline 0.003 -7"><span class='ocrx_word' id='word_1_128' title='bbox 296 1164 342 1195; x_wconf 90' lang='lat' dir='ltr'>In</span> <span class='ocrx_word' id='word_1_129' title='bbox 368 1164 397 1196; x_wconf 88' lang='lat'>1.</span> <span class='ocrx_word' id='word_1_130' title='bbox 423 1163 638 1202; x_wconf 82' lang='lat' dir='ltr'>VesperiS.</span> 
     </span>
     <span class='ocr_line' id='line_1_34' title="bbox 349 1227 598 1263; baseline 0.004 -9"><span class='ocrx_word' id='word_1_131' title='bbox 349 1227 441 1263; x_wconf 80' lang='lat' dir='ltr'>Super</span> <span class='ocrx_word' id='word_1_132' title='bbox 458 1228 598 1255; x_wconf 87' lang='lat' dir='ltr'>Psalmos.</span> 
     </span>
    </p>
   </div>
   <div class='ocr_carea' id='block_1_12' title="bbox 160 1284 774 1697">
    <p class='ocr_par' dir='ltr' id='par_1_12' title="bbox 160 1284 703 1326">
     <span class='ocr_line' id='line_1_35' title="bbox 160 1284 703 1326; baseline 0.002 -10"><span class='ocrx_word' id='word_1_133' title='bbox 160 1285 200 1316; x_wconf 88' lang='lat' dir='ltr'>A.</span> <span class='ocrx_word' id='word_1_134' title='bbox 227 1284 326 1316; x_wconf 81' lang='lat' dir='ltr'>Laeta</span> <span class='ocrx_word' id='word_1_135' title='bbox 351 1285 428 1323; x_wconf 83' lang='lat' dir='ltr'>dies,</span> <span class='ocrx_word' id='word_1_136' title='bbox 454 1286 583 1316; x_wconf 82' lang='lat' dir='ltr'>aeterna</span> <span class='ocrx_word' id='word_1_137' title='bbox 607 1286 703 1326; x_wconf 84' lang='lat' dir='ltr'>quies,</span> 
     </span>
    </p>

    <p class='ocr_par' dir='ltr' id='par_1_13' title="bbox 273 1329 555 1369">
     <span class='ocr_line' id='line_1_36' title="bbox 273 1329 555 1369; baseline 0.004 -8"><span class='ocrx_word' id='word_1_138' title='bbox 273 1330 336 1368; x_wconf 87' lang='lat' dir='ltr'>Sol,</span> <span class='ocrx_word' id='word_1_139' title='bbox 362 1329 444 1361; x_wconf 85' lang='lat' dir='ltr'>filius</span> <span class='ocrx_word' id='word_1_140' title='bbox 469 1331 555 1369; x_wconf 84' lang='lat' dir='ltr'>astri,</span> 
     </span>
    </p>

    <p class='ocr_par' dir='ltr' id='par_1_14' title="bbox 225 1377 665 1464">
     <span class='ocr_line' id='line_1_37' title="bbox 225 1377 665 1416; baseline 0.002 -8"><span class='ocrx_word' id='word_1_141' title='bbox 225 1377 367 1409; x_wconf 87' lang='lat' dir='ltr'>Emerito</span> <span class='ocrx_word' id='word_1_142' title='bbox 390 1377 449 1408; x_wconf 88' lang='lat' dir='ltr'>tibi</span> <span class='ocrx_word' id='word_1_143' title='bbox 473 1386 530 1416; x_wconf 86' lang='lat' dir='ltr'>pro</span> <span class='ocrx_word' id='word_1_144' title='bbox 555 1378 665 1409; x_wconf 87' lang='lat' dir='ltr'>merito</span> 
     </span>
     <span class='ocr_line' id='line_1_38' title="bbox 272 1423 659 1464; baseline 0.005 -10"><span class='ocrx_word' id='word_1_145' title='bbox 272 1424 340 1455; x_wconf 91' lang='lat' dir='ltr'>sine</span> <span class='ocrx_word' id='word_1_146' title='bbox 364 1423 446 1454; x_wconf 90' lang='lat' dir='ltr'>nube</span> <span class='ocrx_word' id='word_1_147' title='bbox 470 1424 659 1464; x_wconf 84' lang='lat' dir='ltr'>resplendet,</span> 
     </span>
    </p>

    <p class='ocr_par' dir='ltr' id='par_1_15' title="bbox 229 1470 725 1557">
     <span class='ocr_line' id='line_1_39' title="bbox 229 1470 725 1511; baseline 0 -9"><span class='ocrx_word' id='word_1_148' title='bbox 229 1471 344 1503; x_wconf 83' lang='lat' dir='ltr'>Sancte</span> <span class='ocrx_word' id='word_1_149' title='bbox 368 1470 445 1510; x_wconf 89' lang='lat' dir='ltr'>Dei;</span> <span class='ocrx_word' id='word_1_150' title='bbox 474 1470 550 1501; x_wconf 85' lang='lat' dir='ltr'>dant</span> <span class='ocrx_word' id='word_1_151' title='bbox 573 1474 646 1502; x_wconf 85' lang='lat' dir='ltr'>vota</span> <span class='ocrx_word' id='word_1_152' title='bbox 669 1472 725 1511; x_wconf 88' lang='lat' dir='ltr'>rei,</span> 
     </span>
     <span class='ocr_line' id='line_1_40' title="bbox 272 1517 594 1557; baseline 0.003 -10"><span class='ocrx_word' id='word_1_153' title='bbox 272 1519 306 1549; x_wconf 88' lang='lat' dir='ltr'>tu</span> <span class='ocrx_word' id='word_1_154' title='bbox 330 1517 463 1556; x_wconf 85' lang='lat' dir='ltr'>suscipe,</span> <span class='ocrx_word' id='word_1_155' title='bbox 489 1526 594 1557; x_wconf 85' lang='lat' dir='ltr'>parce,</span> 
     </span>
    </p>

    <p class='ocr_par' dir='ltr' id='par_1_16' title="bbox 225 1563 774 1605">
     <span class='ocr_line' id='line_1_41' title="bbox 225 1563 774 1605; baseline 0.005 -11"><span class='ocrx_word' id='word_1_156' title='bbox 225 1563 285 1603; x_wconf 84' lang='lat' dir='ltr'>Da,</span> <span class='ocrx_word' id='word_1_157' title='bbox 312 1563 395 1603; x_wconf 78' lang='lat' dir='ltr'>quod</span> <span class='ocrx_word' id='word_1_158' title='bbox 411 1563 510 1605; x_wconf 86' lang='lat' dir='ltr'>abest,</span> <span class='ocrx_word' id='word_1_159' title='bbox 536 1573 669 1605; x_wconf 89' lang='lat' dir='ltr'>remove,</span> <span class='ocrx_word' id='word_1_160' title='bbox 692 1566 774 1604; x_wconf 85' lang='lat' dir='ltr'>quod</span> 
     </span>
    </p>

    <p class='ocr_par' dir='ltr' id='par_1_17' title="bbox 551 1610 648 1651">
     <span class='ocr_line' id='line_1_42' title="bbox 551 1610 648 1651; baseline 0 -9"><span class='ocrx_word' id='word_1_161' title='bbox 551 1610 648 1651; x_wconf 83' lang='lat' dir='ltr'>obest,</span> 
     </span>
    </p>

    <p class='ocr_par' dir='ltr' id='par_1_18' title="bbox 273 1657 680 1697">
     <span class='ocr_line' id='line_1_43' title="bbox 273 1657 680 1697; baseline 0.005 -9"><span class='ocrx_word' id='word_1_162' title='bbox 273 1657 424 1696; x_wconf 81' lang='lat' dir='ltr'>quidquid</span> <span class='ocrx_word' id='word_1_163' title='bbox 449 1658 573 1697; x_wconf 88' lang='lat' dir='ltr'>premit,</span> <span class='ocrx_word' id='word_1_164' title='bbox 597 1667 680 1690; x_wconf 88' lang='lat' dir='ltr'>arce.</span> 
     </span>
    </p>
   </div>
   <div class='ocr_carea' id='block_1_13' title="bbox 157 1720 739 2127">
    <p class='ocr_par' dir='ltr' id='par_1_19' title="bbox 157 1720 739 2127">
     <span class='ocr_line' id='line_1_44' title="bbox 160 1720 655 1762; baseline 0 -9"><span class='ocrx_word' id='word_1_165' title='bbox 160 1722 199 1755; x_wconf 89' lang='lat' dir='ltr'>R.</span> <span class='ocrx_word' id='word_1_166' title='bbox 226 1721 250 1753; x_wconf 95' lang='lat' dir='ltr'>O</span> <span class='ocrx_word' id='word_1_167' title='bbox 276 1720 333 1752; x_wconf 89' lang='lat' dir='ltr'>fios</span> <span class='ocrx_word' id='word_1_168' title='bbox 357 1722 497 1760; x_wconf 79' lang='lat' dir='ltr'>paradisi</span> <span class='ocrx_word' id='word_1_169' title='bbox 520 1722 655 1762; x_wconf 89' lang='lat' dir='ltr'>Domini,</span> 
     </span>
     <span class='ocr_line' id='line_1_45' title="bbox 226 1768 605 1809; baseline 0.003 -11"><span class='ocrx_word' id='word_1_170' title='bbox 226 1768 331 1799; x_wconf 86' lang='lat' dir='ltr'>Altior</span> <span class='ocrx_word' id='word_1_171' title='bbox 356 1768 458 1799; x_wconf 89' lang='lat' dir='ltr'>cedris</span> <span class='ocrx_word' id='word_1_172' title='bbox 481 1768 605 1809; x_wconf 78' lang='lat' dir='ltr'>Libani,</span> 
     </span>
     <span class='ocr_line' id='line_1_46' title="bbox 232 1813 448 1853; baseline -0.005 -7"><span class='ocrx_word' id='word_1_173' title='bbox 232 1813 326 1853; x_wconf 89' lang='lat' dir='ltr'>Cujus</span> <span class='ocrx_word' id='word_1_174' title='bbox 351 1814 448 1845; x_wconf 88' lang='lat' dir='ltr'>odore</span> 
     </span>
     <span class='ocr_line' id='line_1_47' title="bbox 273 1860 588 1900; baseline 0 -9"><span class='ocrx_word' id='word_1_175' title='bbox 273 1863 424 1891; x_wconf 86' lang='lat' dir='ltr'>sanantur</span> <span class='ocrx_word' id='word_1_176' title='bbox 448 1860 588 1900; x_wconf 81' lang='lat' dir='ltr'>languidi</span> 
     </span>
     <span class='ocr_line' id='line_1_48' title="bbox 224 1907 630 1947; baseline 0.002 -8"><span class='ocrx_word' id='word_1_177' title='bbox 224 1908 269 1939; x_wconf 87' lang='lat' dir='ltr'>Et</span> <span class='ocrx_word' id='word_1_178' title='bbox 292 1907 483 1939; x_wconf 87' lang='lat' dir='ltr'>reviviscunt</span> <span class='ocrx_word' id='word_1_179' title='bbox 505 1908 630 1947; x_wconf 86' lang='lat' dir='ltr'>mortui,</span> 
     </span>
     <span class='ocr_line' id='line_1_49' title="bbox 226 1953 686 1996; baseline -0.002 -11"><span class='ocrx_word' id='word_1_180' title='bbox 226 1953 343 1993; x_wconf 85' lang='lat' dir='ltr'>Trudo,</span> <span class='ocrx_word' id='word_1_181' title='bbox 369 1956 460 1993; x_wconf 84' lang='lat' dir='ltr'>pater</span> <span class='ocrx_word' id='word_1_182' title='bbox 483 1954 686 1996; x_wconf 78' lang='lat' dir='ltr'>sanctissime,</span> 
     </span>
     <span class='ocr_line' id='line_1_50' title="bbox 224 1999 644 2033; baseline -0.005 0"><span class='ocrx_word' id='word_1_183' title='bbox 224 2000 379 2033; x_wconf 85' lang='lat' dir='ltr'>Succurre</span> <span class='ocrx_word' id='word_1_184' title='bbox 402 2000 475 2031; x_wconf 89' lang='lat' dir='ltr'>huic</span> <span class='ocrx_word' id='word_1_185' title='bbox 498 1999 644 2032; x_wconf 85' lang='lat' dir='ltr'>familiae.</span> 
     </span>
     <span class='ocr_line' id='line_1_51' title="bbox 157 2047 534 2081; baseline -0.005 -1"><span class='ocrx_word' id='word_1_186' title='bbox 157 2048 195 2080; x_wconf 89' lang='lat' dir='ltr'>V.</span> <span class='ocrx_word' id='word_1_187' title='bbox 221 2048 362 2080; x_wconf 84' lang='lat' dir='ltr'>Plurima</span> <span class='ocrx_word' id='word_1_188' title='bbox 387 2047 534 2081; x_wconf 87' lang='lat' dir='ltr'>debemus</span> 
     </span>
     <span class='ocr_line' id='line_1_52' title="bbox 269 2094 739 2127; baseline 0.002 -2"><span class='ocrx_word' id='word_1_189' title='bbox 269 2097 300 2126; x_wconf 87' lang='lat' dir='ltr'>et</span> <span class='ocrx_word' id='word_1_190' title='bbox 326 2094 432 2126; x_wconf 90' lang='lat' dir='ltr'>debita</span> <span class='ocrx_word' id='word_1_191' title='bbox 456 2097 564 2125; x_wconf 79' lang='lat' dir='ltr'>nostra</span> <span class='ocrx_word' id='word_1_192' title='bbox 587 2094 739 2127; x_wconf 85' lang='lat' dir='ltr'>timemus.</span> 
     </span>
    </p>
   </div>
   <div class='ocr_carea' id='block_1_14' title="bbox 343 2168 584 2205">
    <p class='ocr_par' dir='ltr' id='par_1_20' title="bbox 343 2168 584 2205">
     <span class='ocr_line' id='line_1_53' title="bbox 343 2168 584 2205; baseline 0 -10"><span class='ocrx_word' id='word_1_193' title='bbox 343 2168 388 2195; x_wconf 77' lang='lat' dir='ltr'>Ad</span> <span class='ocrx_word' id='word_1_194' title='bbox 408 2168 584 2205; x_wconf 83' lang='lat' dir='ltr'>Magnificat.</span> 
     </span>
    </p>
   </div>
   <div class='ocr_carea' id='block_1_15' title="bbox 154 2226 714 2361">
    <p class='ocr_par' dir='ltr' id='par_1_21' title="bbox 154 2226 714 2361">
     <span class='ocr_line' id='line_1_54' title="bbox 154 2226 714 2269; baseline -0.004 -10"><span class='ocrx_word' id='word_1_195' title='bbox 154 2227 193 2259; x_wconf 89' lang='lat' dir='ltr'>A.</span> <span class='ocrx_word' id='word_1_196' title='bbox 221 2227 334 2259; x_wconf 82' lang='lat' dir='ltr'>Sancte</span> <span class='ocrx_word' id='word_1_197' title='bbox 358 2228 459 2267; x_wconf 81' lang='lat' dir='ltr'>pater,</span> <span class='ocrx_word' id='word_1_198' title='bbox 487 2227 570 2258; x_wconf 87' lang='lat' dir='ltr'>clare</span> <span class='ocrx_word' id='word_1_199' title='bbox 596 2226 714 2269; x_wconf 85' lang='lat' dir='ltr'>doctor,</span> 
     </span>
     <span class='ocr_line' id='line_1_55' title="bbox 221 2274 705 2313; baseline -0.002 -7"><span class='ocrx_word' id='word_1_200' title='bbox 221 2274 323 2306; x_wconf 89' lang='lat' dir='ltr'>Dulce</span> <span class='ocrx_word' id='word_1_201' title='bbox 349 2274 453 2313; x_wconf 89' lang='lat' dir='ltr'>decus,</span> <span class='ocrx_word' id='word_1_202' title='bbox 478 2276 586 2305; x_wconf 87' lang='lat' dir='ltr'>noster</span> <span class='ocrx_word' id='word_1_203' title='bbox 610 2282 705 2311; x_wconf 79' lang='lat' dir='ltr'>amor,</span> 
     </span>
     <span class='ocr_line' id='line_1_56' title="bbox 222 2321 668 2361; baseline -0.002 -8"><span class='ocrx_word' id='word_1_204' title='bbox 222 2321 334 2353; x_wconf 86' lang='lat' dir='ltr'>Funde</span> <span class='ocrx_word' id='word_1_205' title='bbox 357 2329 469 2361; x_wconf 88' lang='lat' dir='ltr'>preces</span> <span class='ocrx_word' id='word_1_206' title='bbox 494 2323 547 2354; x_wconf 88' lang='lat' dir='ltr'>tuo</span> <span class='ocrx_word' id='word_1_207' title='bbox 571 2321 668 2361; x_wconf 83' lang='lat' dir='ltr'>gregi,</span> 
     </span>
    </p>
   </div>
   <div class='ocr_carea' id='block_1_16' title="bbox 895 1166 1376 1345">
    <p class='ocr_par' dir='ltr' id='par_1_22' title="bbox 895 1166 1350 1298">
     <span class='ocr_line' id='line_1_57' title="bbox 896 1166 1346 1206; baseline 0 -9"><span class='ocrx_word' id='word_1_208' title='bbox 896 1166 1002 1197; x_wconf 86' lang='lat' dir='ltr'>Trudo</span> <span class='ocrx_word' id='word_1_209' title='bbox 1027 1175 1125 1205; x_wconf 72' lang='lat' dir='ltr'>sacer,</span> <span class='ocrx_word' id='word_1_210' title='bbox 1152 1175 1346 1206; x_wconf 85' lang='lat' dir='ltr'>recognosce,</span> 
     </span>
     <span class='ocr_line' id='line_1_58' title="bbox 895 1212 1350 1251; baseline 0.002 -8"><span class='ocrx_word' id='word_1_211' title='bbox 895 1212 955 1243; x_wconf 87' lang='lat' dir='ltr'>Tui</span> <span class='ocrx_word' id='word_1_212' title='bbox 978 1222 1091 1250; x_wconf 89' lang='lat' dir='ltr'>sumus,</span> <span class='ocrx_word' id='word_1_213' title='bbox 1117 1212 1223 1244; x_wconf 84' lang='lat' dir='ltr'>Jesum</span> <span class='ocrx_word' id='word_1_214' title='bbox 1247 1222 1350 1251; x_wconf 87' lang='lat' dir='ltr'>posce,</span> 
     </span>
     <span class='ocr_line' id='line_1_59' title="bbox 896 1259 1283 1298; baseline -0.005 -7"><span class='ocrx_word' id='word_1_215' title='bbox 896 1259 942 1291; x_wconf 93' lang='lat' dir='ltr'>Ut</span> <span class='ocrx_word' id='word_1_216' title='bbox 964 1260 1080 1291; x_wconf 88' lang='lat' dir='ltr'>solutos</span> <span class='ocrx_word' id='word_1_217' title='bbox 1105 1268 1124 1290; x_wconf 81' lang='lat' dir='ltr'>a</span> <span class='ocrx_word' id='word_1_218' title='bbox 1146 1259 1283 1298; x_wconf 81' lang='lat' dir='ltr'>peccatis</span> 
     </span>
    </p>

    <p class='ocr_par' dir='ltr' id='par_1_23' title="bbox 895 1305 1376 1345">
     <span class='ocr_line' id='line_1_60' title="bbox 895 1305 1376 1345; baseline 0.004 -9"><span class='ocrx_word' id='word_1_219' title='bbox 895 1305 960 1336; x_wconf 87' lang='lat' dir='ltr'>Nos</span> <span class='ocrx_word' id='word_1_220' title='bbox 986 1308 1151 1345; x_wconf 85' lang='lat' dir='ltr'>componat</span> <span class='ocrx_word' id='word_1_221' title='bbox 1176 1314 1243 1336; x_wconf 88' lang='lat' dir='ltr'>cum</span> <span class='ocrx_word' id='word_1_222' title='bbox 1267 1306 1376 1339; x_wconf 78' lang='lat' dir='ltr'>beatis.</span> 
     </span>
    </p>
   </div>
   <div class='ocr_carea' id='block_1_17' title="bbox 964 1444 1306 1477">
    <p class='ocr_par' dir='ltr' id='par_1_24' title="bbox 964 1444 1306 1477">
     <span class='ocr_line' id='line_1_61' title="bbox 964 1444 1306 1477; baseline 0 -1"><span class='ocrx_word' id='word_1_223' title='bbox 964 1445 992 1476; x_wconf 92' lang='lat' dir='ltr'>A</span> <span class='ocrx_word' id='word_1_224' title='bbox 1005 1445 1025 1476; x_wconf 87' lang='lat' dir='ltr'>d</span> <span class='ocrx_word' id='word_1_225' title='bbox 1047 1444 1306 1477; x_wconf 81' lang='lat' dir='ltr'>Matutinum.</span> 
     </span>
    </p>
   </div>
   <div class='ocr_carea' id='block_1_18' title="bbox 1028 1518 1238 1545">
    <p class='ocr_par' dir='ltr' id='par_1_25' title="bbox 1028 1518 1238 1545">
     <span class='ocr_line' id='line_1_62' title="bbox 1028 1518 1238 1545; baseline -0.005 0"><span class='ocrx_word' id='word_1_226' title='bbox 1028 1518 1238 1545; x_wconf 78' lang='lat' dir='ltr'>Iuvitatorium.</span> 
     </span>
    </p>
   </div>
   <div class='ocr_carea' id='block_1_19' title="bbox 894 1575 1423 1754">
    <p class='ocr_par' dir='ltr' id='par_1_26' title="bbox 894 1575 1192 1614">
     <span class='ocr_line' id='line_1_63' title="bbox 894 1575 1192 1614; baseline -0.003 -8"><span class='ocrx_word' id='word_1_227' title='bbox 894 1575 946 1606; x_wconf 90' lang='lat' dir='ltr'>Ad</span> <span class='ocrx_word' id='word_1_228' title='bbox 968 1575 1084 1614; x_wconf 83' lang='lat' dir='ltr'>jubilos</span> <span class='ocrx_word' id='word_1_229' title='bbox 1108 1575 1192 1606; x_wconf 82' lang='lat' dir='ltr'>vitae</span> 
     </span>
    </p>

    <p class='ocr_par' dir='ltr' id='par_1_27' title="bbox 896 1621 1389 1706">
     <span class='ocr_line' id='line_1_64' title="bbox 943 1621 1389 1660; baseline -0.002 -7"><span class='ocrx_word' id='word_1_230' title='bbox 943 1621 1065 1653; x_wconf 88' lang='lat' dir='ltr'>Christo</span> <span class='ocrx_word' id='word_1_231' title='bbox 1089 1622 1252 1660; x_wconf 83' lang='lat' dir='ltr'>psallendo</span> <span class='ocrx_word' id='word_1_232' title='bbox 1277 1622 1389 1660; x_wconf 88' lang='lat' dir='ltr'>venite,</span> 
     </span>
     <span class='ocr_line' id='line_1_65' title="bbox 896 1668 1242 1706; baseline -0.003 -7"><span class='ocrx_word' id='word_1_233' title='bbox 896 1668 954 1706; x_wconf 72' lang='lat' dir='ltr'>Qui</span> <span class='ocrx_word' id='word_1_234' title='bbox 979 1668 1040 1700; x_wconf 88' lang='lat' dir='ltr'>sibi</span> <span class='ocrx_word' id='word_1_235' title='bbox 1065 1668 1242 1699; x_wconf 85' lang='lat' dir='ltr'>Trudonem</span> 
     </span>
    </p>

    <p class='ocr_par' dir='ltr' id='par_1_28' title="bbox 941 1714 1423 1754">
     <span class='ocr_line' id='line_1_66' title="bbox 941 1714 1423 1754; baseline 0.004 -9"><span class='ocrx_word' id='word_1_236' title='bbox 941 1715 1040 1746; x_wconf 81' lang='lat' dir='ltr'>sociat</span> <span class='ocrx_word' id='word_1_237' title='bbox 1064 1717 1136 1753; x_wconf 88' lang='lat' dir='ltr'>post</span> <span class='ocrx_word' id='word_1_238' title='bbox 1161 1714 1261 1745; x_wconf 80' lang='lat' dir='ltr'>carnis</span> <span class='ocrx_word' id='word_1_239' title='bbox 1286 1723 1423 1754; x_wconf 83' lang='lat' dir='ltr'>agonem.</span> 
     </span>
    </p>
   </div>
   <div class='ocr_carea' id='block_1_20' title="bbox 961 1844 1310 1878">
    <p class='ocr_par' dir='ltr' id='par_1_29' title="bbox 961 1844 1310 1878">
     <span class='ocr_line' id='line_1_67' title="bbox 961 1844 1310 1878; baseline -0.003 -2"><span class='ocrx_word' id='word_1_240' title='bbox 961 1845 1005 1876; x_wconf 90' lang='lat' dir='ltr'>In</span> <span class='ocrx_word' id='word_1_241' title='bbox 1033 1845 1062 1878; x_wconf 88' lang='lat'>1.</span> <span class='ocrx_word' id='word_1_242' title='bbox 1089 1844 1310 1877; x_wconf 78' lang='lat' dir='ltr'>Nocturno¹</span> 
     </span>
    </p>
   </div>
   <div class='ocr_carea' id='block_1_21' title="bbox 1042 1917 1233 1953">
    <p class='ocr_par' dir='ltr' id='par_1_30' title="bbox 1042 1917 1233 1953">
     <span class='ocr_line' id='line_1_68' title="bbox 1042 1917 1233 1953; baseline 0 -8"><span class='ocrx_word' id='word_1_243' title='bbox 1042 1917 1233 1953; x_wconf 82' lang='lat' dir='ltr'>Antiphonae.</span> 
     </span>
    </p>
   </div>
   <div class='ocr_carea' id='block_1_22' title="bbox 836 1975 1162 2014">
    <p class='ocr_par' dir='ltr' id='par_1_31' title="bbox 836 1975 1162 2014">
     <span class='ocr_line' id='line_1_69' title="bbox 836 1975 1162 2014; baseline 0 -8"><span class='ocrx_word' id='word_1_244' title='bbox 836 1976 864 2007; x_wconf 87' lang='lat'>1.</span> <span class='ocrx_word' id='word_1_245' title='bbox 890 1975 1004 2006; x_wconf 80' lang='lat' dir='ltr'>Annua</span> <span class='ocrx_word' id='word_1_246' title='bbox 1024 1975 1162 2014; x_wconf 84' lang='lat' dir='ltr'>jucundo</span> 
     </span>
    </p>
   </div>
   <div class='ocr_carea' id='block_1_23' title="bbox 936 2022 1387 2063">
    <p class='ocr_par' dir='ltr' id='par_1_32' title="bbox 936 2022 1387 2063">
     <span class='ocr_line' id='line_1_70' title="bbox 936 2022 1387 2063; baseline 0.007 -11"><span class='ocrx_word' id='word_1_247' title='bbox 936 2022 1068 2053; x_wconf 84' lang='lat' dir='ltr'>redeunt</span> <span class='ocrx_word' id='word_1_248' title='bbox 1091 2022 1240 2054; x_wconf 82' lang='lat' dir='ltr'>solemnia</span> <span class='ocrx_word' id='word_1_249' title='bbox 1263 2023 1387 2063; x_wconf 86' lang='lat' dir='ltr'>mundo,</span> 
     </span>
    </p>
   </div>
   <div class='ocr_carea' id='block_1_24' title="bbox 891 2068 1280 2107">
    <p class='ocr_par' dir='ltr' id='par_1_33' title="bbox 891 2068 1280 2107">
     <span class='ocr_line' id='line_1_71' title="bbox 891 2068 1280 2107; baseline 0.005 -8"><span class='ocrx_word' id='word_1_250' title='bbox 891 2068 975 2107; x_wconf 79' lang='lat' dir='ltr'>Quae</span> <span class='ocrx_word' id='word_1_251' title='bbox 999 2068 1167 2100; x_wconf 85' lang='lat' dir='ltr'>recolenda</span> <span class='ocrx_word' id='word_1_252' title='bbox 1192 2069 1280 2101; x_wconf 87' lang='lat' dir='ltr'>bonis</span> 
     </span>
    </p>
   </div>
   <div class='ocr_carea' id='block_1_25' title="bbox 935 2115 1437 2150">
    <p class='ocr_par' dir='ltr' id='par_1_34' title="bbox 935 2115 1437 2150">
     <span class='ocr_line' id='line_1_72' title="bbox 935 2115 1437 2150; baseline 0.008 -4"><span class='ocrx_word' id='word_1_253' title='bbox 935 2115 1066 2147; x_wconf 84' lang='lat' dir='ltr'>rutilant</span> <span class='ocrx_word' id='word_1_254' title='bbox 1085 2115 1118 2146; x_wconf 84' lang='lat' dir='ltr'>in</span> <span class='ocrx_word' id='word_1_255' title='bbox 1139 2116 1256 2147; x_wconf 88' lang='lat' dir='ltr'>honore</span> <span class='ocrx_word' id='word_1_256' title='bbox 1272 2117 1437 2150; x_wconf 84' lang='lat' dir='ltr'>Trudonis.</span> 
     </span>
    </p>
   </div>
   <div class='ocr_carea' id='block_1_26' title="bbox 831 2181 1255 2223">
    <p class='ocr_par' dir='ltr' id='par_1_35' title="bbox 831 2181 1255 2223">
     <span class='ocr_line' id='line_1_73' title="bbox 831 2181 1255 2223; baseline 0.005 -11"><span class='ocrx_word' id='word_1_257' title='bbox 831 2183 860 2212; x_wconf 84' lang='lat'>2.</span> <span class='ocrx_word' id='word_1_258' title='bbox 889 2181 971 2213; x_wconf 91' lang='lat' dir='ltr'>Huic</span> <span class='ocrx_word' id='word_1_259' title='bbox 995 2184 1108 2213; x_wconf 85' lang='lat' dir='ltr'>natura</span> <span class='ocrx_word' id='word_1_260' title='bbox 1131 2191 1255 2223; x_wconf 85' lang='lat' dir='ltr'>parens,</span> 
     </span>
    </p>
   </div>
   <div class='ocr_carea' id='block_1_27' title="bbox 933 2228 1440 2269">
    <p class='ocr_par' dir='ltr' id='par_1_36' title="bbox 933 2228 1440 2269">
     <span class='ocr_line' id='line_1_74' title="bbox 933 2228 1440 2269; baseline 0.006 -10"><span class='ocrx_word' id='word_1_261' title='bbox 933 2228 1043 2260; x_wconf 83' lang='lat' dir='ltr'>habuit</span> <span class='ocrx_word' id='word_1_262' title='bbox 1061 2237 1138 2267; x_wconf 88' lang='lat' dir='ltr'>quae</span> <span class='ocrx_word' id='word_1_263' title='bbox 1150 2229 1293 2269; x_wconf 82' lang='lat' dir='ltr'>maxima,</span> <span class='ocrx_word' id='word_1_264' title='bbox 1312 2231 1440 2263; x_wconf 86' lang='lat' dir='ltr'>tradens</span> 
     </span>
    </p>
   </div>
   <div class='ocr_carea' id='block_1_28' title="bbox 886 2275 1190 2315">
    <p class='ocr_par' dir='ltr' id='par_1_37' title="bbox 886 2275 1190 2315">
     <span class='ocr_line' id='line_1_75' title="bbox 886 2275 1190 2315; baseline 0.003 -9"><span class='ocrx_word' id='word_1_265' title='bbox 886 2275 1061 2315; x_wconf 83' lang='lat' dir='ltr'>Exceptum</span> <span class='ocrx_word' id='word_1_266' title='bbox 1087 2276 1190 2307; x_wconf 85' lang='lat' dir='ltr'>statim</span> 
     </span>
    </p>
   </div>
   <div class='ocr_carea' id='block_1_29' title="bbox 931 2322 1439 2365">
    <p class='ocr_par' dir='ltr' id='par_1_38' title="bbox 931 2322 1439 2365">
     <span class='ocr_line' id='line_1_76' title="bbox 931 2322 1439 2365; baseline 0.01 -11"><span class='ocrx_word' id='word_1_267' title='bbox 931 2323 1017 2355; x_wconf 86' lang='lat' dir='ltr'>levat</span> <span class='ocrx_word' id='word_1_268' title='bbox 1024 2323 1064 2356; x_wconf 86' lang='lat' dir='ltr'>ad</span> <span class='ocrx_word' id='word_1_269' title='bbox 1072 2322 1152 2355; x_wconf 84' lang='lat' dir='ltr'>bona</span> <span class='ocrx_word' id='word_1_270' title='bbox 1158 2327 1269 2357; x_wconf 79' lang='lat' dir='ltr'>cuncta</span> <span class='ocrx_word' id='word_1_271' title='bbox 1274 2326 1439 2365; x_wconf 81' lang='lat' dir='ltr'>gradatim.</span> 
     </span>
    </p>
   </div>
  </div>
 </body>
</html>
