1679 2491
720 105 973 140 —225—

633 193 677 224 87.
716 195 758 226 De
777 197 883 227 saneta
901 196 1054 229 Rictrude.

339 257 384 288 In
411 259 441 291 1.
466 258 681 300 Vesperis.

391 321 436 349 Ad
454 322 630 359 Magnificat-

200 375 241 407 A.
268 374 471 410 Sanctissima
494 380 554 412 Dei
579 379 705 423 famula,

265 422 438 464 Rictrudis,
463 428 551 459 tuum
574 429 730 467 poscimus

266 470 426 511 auxilium,

266 516 312 548 Ut
336 526 393 555 pro
422 518 535 551 debitis
560 523 735 554 nostrorum

265 570 429 595 crimmum

262 608 437 648 impetrata
462 611 645 645 delictorum

263 656 363 698 venia,

261 701 334 733 Una
359 705 461 735 tecum
484 714 657 738 mereamur

261 748 400 788 Regnum
426 752 590 791 possidere
613 754 761 786 siderum.

329 853 389 884 Ad
414 852 674 888 Matutinum.

394 921 606 949 Invitatorium.

257 976 419 1009 Rictrudis
443 987 568 1019 sponso,

302 1024 344 1054 sit
367 1025 435 1056 laus
461 1029 493 1057 et
515 1026 615 1065 gloria
640 1027 773 1067 Christo,

256 1069 317 1101 Pro
344 1072 430 1110 cujus
453 1073 564 1103 merito

300 1117 467 1155 jubilemus
493 1119 521 1149 ei
547 1119 715 1159 vigilando.

320 1228 365 1260 In
392 1229 421 1262 1.
449 1229 672 1265 NocturnO.

396 1298 589 1332 Antiphonae.

197 1354 226 1385 1.
252 1353 362 1385 Enitet
383 1357 417 1385 ut
440 1355 524 1387 viola

297 1400 443 1433 redolens
467 1402 502 1433 in
526 1402 674 1442 vepribus
698 1406 768 1436 orta

249 1445 369 1478 Mundo

253 1492 425 1533 Rictrudis,
450 1493 511 1525 Dei
536 1493 661 1526 famula.

193 1559 224 1591 2.
252 1557 425 1590 Vaseoniae
448 1560 554 1598 genita

296 1613 445 1643 generoso
470 1607 608 1645 germine
631 1608 698 1639 vita

252 1651 371 1683 Claruit

250 1697 412 1729 Rictrudis
435 1698 518 1730 inter
542 1698 633 1731 filias„

194 1762 224 1794 3.
250 1761 382 1793 Femina
406 1763 531 1794 virtutis

297 1808 371 1839 data
394 1817 508 1848 sponso
531 1810 704 1842 nobilitatis

246 1854 407 1886 Rictrudis

246 1901 397 1933 Deseruit
420 1902 526 1933 natale
549 1903 657 1934 solum.

188 1968 219 1999 4.
246 1967 362 1999 Juncta
388 1968 456 2000 viro
481 1966 567 2009 forti,

290 2023 381 2053 quem
406 2014 543 2046 Francia
566 2015 754 2057 nobilitavit,

243 2061 405 2094 Rieu-udis

241 2108 460 2142 Fructificavit
483 2109 627 2141 Domino.

184 2175 214 2207 5.
242 2175 346 2207 Prolis
372 2177 514 2207 sacratae

287 2225 388 2254 mater
412 2222 508 2262 geniti
532 2224 715 2263 genitaeque

240 2269 341 2302 Facta
365 2272 413 2301 est
434 2269 596 2302 Rictrudis

243 2316 404 2349 Mauronti
428 2318 460 2348 et
482 2317 648 2350 Eusebiae.

227 2376 264 2398 Dr
271 2380 302 2398 ov
309 2380 351 2401 ωε,
371 2375 492 2399 Historiae
503 2375 657 2404 rhythmicae.
685 2375 716 2398 Π,

884 268 914 299 6.
938 266 1004 298 Hos
1029 267 1152 307 peperit
1175 267 1289 299 mundo

987 314 1080 345 coelis
1103 314 1245 353 paritura
1266 315 1402 346 secundo

936 358 1097 392 Rictrudis

938 404 1085 438 Genitore
1109 407 1219 446 spiritu
1244 410 1360 440 sancto.

1072 497 1273 533 Responsoria.

879 553 908 584 1.
934 551 1045 585 Inclita
1071 555 1244 587 Vaseoniae

984 598 1110 632 famosis
1133 599 1248 632 finibus
1272 605 1352 642 orta,

933 644 1088 685 Sanguine
1111 647 1268 687 nobiliter,

981 692 1114 724 nobilius
1141 694 1261 726 meritis

930 736 1091 770 Rictrudis
1115 740 1240 772 emicuit

898 808 904 815 .
930 783 1144 824 Baptismique
1167 786 1264 818 sacris

975 840 1047 862 mox
1064 834 1172 863 sancta
1188 833 1362 865 renascitur
1372 834 1464 866 undis

896 931 903 937 .
929 903 1017 935 Haec
1041 904 1155 936 femina
1179 906 1346 938 laudabilis

928 949 1113 990 Meritisque
1137 952 1324 984 honorabilis

927 996 1088 1028 Rictrudis
1114 1000 1238 1037 egregia

927 1042 1043 1074 Divina
1066 1045 1265 1083 providentia

926 1088 1075 1121 Pervenit
1097 1090 1131 1121 in
1156 1090 1291 1122 Galliam

890 1161 895 1167 .
922 1135 1098 1168 Praeclaris
1122 1140 1191 1168 orta
1213 1138 1377 1178 natalibus,

924 1181 1073 1214 Honestis
1099 1183 1163 1214 alta

920 1227 965 1259 Et
987 1229 1132 1260 instituta
1155 1231 1303 1264 moribus

894 1330 901 1336 .
926 1302 963 1334 In
987 1303 1107 1335 meritis
1132 1307 1258 1336 sanctae

967 1349 1128 1381 Rictrudis
1152 1353 1184 1381 te
1207 1359 1399 1392 veneramur,

921 1395 945 1427 Ο
970 1404 1026 1427 rex
1051 1397 1257 1435 omnipotens,

969 1443 1021 1481 qui
1047 1442 1182 1474 fructum
1205 1443 1388 1484 mirificasti,

923 1487 1019 1526 Quem
1041 1490 1174 1529 protulit
1196 1491 1282 1530 ipsa3

885 1559 892 1565 .
920 1534 1021 1567 Coelis
1044 1545 1082 1567 ac
1105 1537 1197 1568 terris

970 1585 1016 1613 est
1037 1583 1142 1622 proles
1167 1586 1233 1615 tota
1255 1582 1354 1616 beata.

888 1681 895 1689 .
921 1655 989 1688 Nec
1013 1665 1085 1689 caro
1108 1665 1166 1688 nec
1188 1658 1321 1689 mundus

967 1711 1025 1734 nec
1046 1713 1103 1735 rex
1126 1704 1289 1743 impellere
1311 1708 1451 1745 possunt,

919 1748 965 1780 Ut
989 1751 1192 1788 conjungatur

967 1796 1067 1827 denuo
1091 1799 1198 1828 sancta
1222 1796 1289 1829 viro

920 1841 991 1874 Jam
1015 1843 1139 1881 privata
1162 1843 1268 1882 semel,

884 1914 890 1920 .
915 1887 1040 1919 Ardens
1063 1891 1167 1920 mente
1189 1890 1291 1922 Deum

964 1935 1043 1966 vitat
1066 1935 1145 1966 inire
1169 1937 1301 1970 thorum.

982 2047 1029 2078 In
1054 2049 1084 2081 2.
1108 2047 1165 2080 No
1176 2052 1332 2084 cturno.

1054 2120 1244 2157 Antiphonae.

880 2202 886 2208 .
913 2176 1053 2209 Naturae
1074 2180 1185 2212 merito

960 2226 1062 2257 carnis
1086 2226 1232 2260 viduatur
1256 2231 1378 2272 marito,

913 2271 1084 2305 Renuntiat

912 2318 1037 2352 Garnali
1060 2321 1206 2355 thalamo.

1255 2376 1289 2406 15
