1656 2491
247 1487 268 1516 [Ο

303 190 484 221 Translatus
508 190 548 220 <lc
570 189 700 220 ecclesia

306 236 434 267 Levitae
457 238 529 266 tunc
551 236 583 266 in
607 235 706 266 altera

351 282 471 321 Quievit
493 281 664 313 salvatoris.

276 361 281 369 .
306 337 424 368 Haeret
444 338 602 375 premente
623 335 737 374 populo

310 383 426 421 Corpus
446 385 600 421 portatum
624 382 723 413 loculo

350 429 441 461 Ulmo
465 428 534 467 gelu
557 427 680 466 siccato,

306 475 344 506 In
367 473 503 513 quolibet
525 474 696 505 ramusculo

306 519 459 551 Floreseit
481 519 573 551 arbor
593 519 698 557 patulo

349 566 459 597 Virore
482 565 540 597 sibi
566 565 647 604 dato,

305 612 391 650 Quod
414 614 533 642 mortuo
558 611 736 649 corpusculo

307 658 443 696 superno
471 657 544 688 vivit
566 657 686 689 saeculo

349 703 405 735 Vir
428 705 561 743 sanctus,
588 703 803 734 demonstrato.

309 753 428 792 Templi
450 762 536 784 secus
559 754 718 785 introitum

306 798 464 830 Sacratum
489 808 597 839 corpus
621 800 753 838 positum

349 844 469 876 Inferre
491 845 702 885 nequiverunt,

306 890 472 922 Canonicos
495 891 528 922 in
550 899 675 922 numero

309 936 351 967 Ut
372 936 509 975 psallant
532 937 579 968 bis
603 938 734 976 senario,

348 982 482 1013 Zenobio
505 985 664 1021 voverunt,

302 1029 339 1059 111
363 1028 496 1058 humeris
519 1028 694 1067 impositum

307 1074 461 1105 Intrantes
488 1074 658 1113 depositum

350 1119 517 1158 Sepulchro
545 1120 747 1153 tradiderunt.

363 1197 408 1228 111
433 1198 464 1229 2.
489 1197 711 1231 Nocturno,

447 1250 635 1286 Antiphonae.

272 1323 279 1331 .
304 1298 340 1328 In
363 1305 440 1336 pace
463 1300 585 1328 sanctus
611 1298 762 1329 dormiens

348 1343 398 1374 De
419 1344 535 1374 tumulo
557 1344 687 1383 levatur,

306 1389 392 1427 Quod
415 1389 493 1420 bene
517 1389 597 1420 rexit
619 1390 809 1429 praesidens,

348 1434 385 1465 In
408 1435 522 1473 templo
548 1435 722 1467 collocatur.

272 1510 277 1516 .
303 1484 353 1515 Au
377 1487 408 1515 te
430 1493 562 1523 oramus,
586 1485 726 1527 Domine,

349 1530 491 1568 Intellige
516 1532 676 1562 clamorem

307 1575 523 1615 Translatique
545 1578 721 1615 precamine

350 1622 398 1653 Da
420 1622 509 1653 nobis
534 1622 610 1654 coeli
633 1632 744 1656 rorem.

273 1697 278 1702 .
306 1671 367 1702 Sub
394 1672 479 1711 cujus
509 1675 619 1704 cuncta
641 1674 769 1712 pedibus

349 1718 486 1749 Terrena
509 1719 676 1761 subjecisti,

305 1764 500 1795 Translatum
523 1765 555 1795 in
578 1765 625 1796 his
649 1766 776 1798 aedibus

349 1810 448 1846 Hunc,
474 1810 568 1852 Deus,
594 1813 732 1849 posuisti.

441 1874 640 1909 Responsoria.

276 1945 283 1951 .
308 1920 400 1951 Adsit
424 1920 560 1952 dulcoris

308 1966 362 1997 Vis
383 1975 443 1998 non
466 1967 624 2007 moeroris,

352 2011 411 2043 Cor
431 2012 627 2053 jucundetur,

305 2057 422 2097 Corpus
447 2060 581 2097 pastoris

307 2103 459 2143 Stipatum
485 2106 584 2137 choris

351 2150 426 2182 Cum
449 2153 684 2193 transportetur,

301 2196 338 2228 In
363 2196 530 2229 Salvatoris

305 2243 432 2282 Templo
457 2245 574 2276 sonoris

349 2289 481 2333 Hymnis
503 2290 630 2328 locetur„

838 94 905 129 262
951 113 998 119 —

906 190 938 219 2.
963 189 1133 219 Tesaurum
1159 190 1277 225 gratum

962 235 1079 265 Terrae
1101 234 1244 272 locatum,

1007 279 1109 319 Plebs,
1134 279 1287 319 reperisti,

962 326 1051 357 Nunc
1074 325 1169 356 habes
1195 326 1299 356 datum

962 373 1054 403 Hunc
1077 372 1270 410 advocatum,

1007 418 1102 456 Quem
1125 417 1322 455 transtulisti,

925 489 932 496 .
958 465 1057 496 Tuum
1080 467 1198 495 reatum

962 512 1023 542 Per
1044 510 1126 541 hunc
1148 512 1312 548 purgatum

1007 556 1059 587 Sic
1084 556 1271 594 comperisti.

930 647 937 654 .
961 623 1030 654 Hac
1051 620 1251 652 Florentinus

1006 667 1135 699 Praesul
1160 669 1190 697 et
1216 668 1315 698 clerus

1051 713 1111 744 Die
1134 714 1277 755 laetatur,

960 760 1074 792 Noster
1097 762 1245 798 patronus

1006 806 1176 845 Pastorque
1199 814 1290 837 verus

1053 851 1129 883 Cum
1152 850 1369 891 transferatur,

926 923 933 930 .
958 899 979 931 J
979 898 1061 929 udex
1086 898 1217 936 divinus,

1005 944 1079 975 Reis
1103 952 1239 984 severus,

1051 990 1112 1021 Per
1134 991 1216 1021 hunc
1238 990 1390 1029 placatur.

1023 1101 1067 1132 111
1092 1103 1123 1135 3,
1149 1100 1372 1132 Nocturno.

1102 1173 1292 1208 Antiphonae.

928 1256 936 1263 .
961 1231 995 1262 Iu
1020 1230 1080 1261 Dei
1103 1231 1302 1262 tabernaculo

1004 1276 1157 1308 Zenobius
1182 1276 1321 1315 quiescit,

961 1322 1129 1361 Multiplici
1152 1322 1300 1354 miraculo

1005 1368 1186 1400 Translatus
1210 1369 1385 1407 requiescit.

928 1457 934 1463 .
960 1433 1124 1464 Praeventi
1144 1433 1209 1472 jam
1238 1433 1411 1464 dulcedinis

1007 1479 1044 1510 Iu
1067 1479 1282 1510 benedictione

963 1525 1133 1564 Cujuslibet
1155 1525 1244 1563 plebs
1269 1525 1388 1556 ordinis

1006 1571 1125 1603 Psallat
1147 1572 1358 1602 translatione.

930 1661 937 1668 .
961 1637 1072 1668 Portus
1095 1637 1215 1666 vestras
1237 1635 1379 1668 attollite.

965 1682 1111 1713 Canonici
1134 1681 1322 1719 Florentiae,

963 1726 1164 1759 Transfertur
1187 1728 1312 1766 praesul
1336 1728 1469 1766 optimus

962 1775 1001 1806 111
1023 1777 1127 1805 vestra
1151 1782 1232 1805 nunc
1253 1774 1415 1806 Zenobius.

1100 1857 1302 1891 Responsoria.

933 1948 940 1954 .
964 1923 1110 1954 Exsultet
1131 1922 1207 1954 urbs
1229 1923 1401 1965 Florentia,

965 1969 1125 2001 Laurentii
1148 1978 1219 2000 nam
1244 1969 1309 2002 filia

1008 2015 1071 2047 Dat
1094 2016 1208 2054 templo
1233 2017 1396 2048 salvatoris

962 2061 1115 2102 Membra,
1140 2063 1280 2102 quamvis
1304 2064 1435 2103 arentia,

962 2109 1125 2140 Miraculis
1149 2109 1266 2140 nobilia

1009 2154 1169 2194 Magnifici
1192 2155 1336 2194 pastoris.

929 2228 936 2235 .
962 2201 1038 2234 Cum
1061 2210 1180 2233 summa
1202 2203 1379 2234 reverentia

965 2248 1131 2280 Translata
1154 2251 1226 2279 sunt,
1249 2249 1326 2281 haec
1349 2250 1418 2282 lilia

1008 2293 1136 2327 Mirifici
1162 2296 1315 2329 candoris.
