1656 2491
816 129 1068 163 -196—

339 251 347 258 .
373 226 507 265 Peregre
533 224 629 257 Jacob
655 232 794 263 egressus

420 271 523 303 Patris
547 272 588 302 ad
612 270 801 308 mandatum,

375 317 474 348 Deum
498 317 577 348 vidit
601 317 647 347 sic
670 314 827 354 professus

419 364 510 394 Vitae
535 362 727 395 coelibatum.

436 454 480 485 In
506 456 535 486 3.
562 453 619 485 No
630 456 748 486 cturn
759 463 786 486 ο.

513 517 705 552 Antiphonae.

340 601 346 607 .
371 574 535 606 Habitabit
556 574 587 605 in
613 574 812 606 tabernaculo

414 620 538 652 Domini
561 621 702 661 gloriose,

371 667 447 705 Quia
470 667 547 698 vixit
571 667 604 697 in
627 667 686 698 isto
711 668 832 699 saeculo

416 713 483 744 Rex
506 715 612 744 noster
635 714 779 745 virtuose.

338 794 344 802 .
370 768 406 800 In
431 768 546 799 virtute
568 768 693 799 Domini

412 814 480 845 Rex
503 817 627 845 sanctus
650 814 794 854 laetatur,

368 859 459 891 Nunc
483 862 658 891 sanctorum
682 861 796 899 agmini

414 905 543 937 Junctus
565 906 724 945 gloriatur.

336 986 343 992 .
368 961 436 992 Rex
456 962 602 992 innocens
625 961 766 992 manibus

413 1008 516 1046 Atque
541 1007 633 1038 corde
655 1008 769 1038 mundo

369 1053 490 1092 Regnat
514 1062 582 1084 cum
606 1054 787 1084 coelestibus

414 1100 450 1131 In
474 1108 568 1138 regno
589 1100 735 1137 jucundo.

505 1163 706 1198 Responsoria.

338 1236 344 1242 .
371 1209 446 1241 Cum
471 1212 551 1240 esset
572 1211 605 1240 in
629 1210 771 1241 accubitu

414 1256 482 1287 Rex
505 1256 645 1287 internae
668 1257 850 1297 dulcedinis,

368 1303 487 1332 Arcens
510 1302 629 1340 potenti
653 1303 765 1341 spiritu

413 1348 519 1378 Pestes
545 1349 646 1379 carnis
670 1351 701 1379 et
721 1349 887 1390 sanguinis>

367 1394 523 1425 Bonorum
547 1396 652 1433 septus
673 1394 790 1426 ambitu

415 1439 544 1478 Sceptro
568 1439 657 1471 fulsit
680 1441 847 1480 regiminis.

331 1510 339 1517 .
364 1485 466 1517 David
490 1485 571 1524 regis
596 1486 678 1517 sedit
699 1487 732 1517 in
756 1488 842 1525 solio,

367 1532 537 1563 Salomonis
562 1534 650 1562 utens
670 1533 796 1570 judicio.

336 1611 343 1619 .
367 1587 430 1618 Pro
454 1595 488 1617 se
511 1587 634 1625 suisque
658 1587 804 1626 subJectis

367 1633 465 1664 Orans
488 1632 587 1664 Deum
613 1635 644 1663 et
668 1642 735 1664 cum
758 1635 852 1665 rectis

411 1679 540 1710 Rectum
563 1680 625 1710 iter
648 1678 774 1717 faciens,

365 1724 495 1755 Domum
517 1725 576 1756 Dei
598 1734 655 1756 rex
677 1726 805 1757 intravit

363 1771 407 1802 Et
429 1772 469 1802 ad
494 1772 640 1810 templum
664 1772 817 1812 adoravit,

410 1817 455 1849 Ut
476 1818 635 1856 praedixit
656 1818 799 1850 moriens.

329 1889 336 1897 ,
362 1863 453 1894 Felix
478 1872 582 1895 cursus
607 1865 653 1895 sic
673 1864 815 1904 viventis,

363 1909 453 1940 Felix
476 1909 547 1941 finis
571 1910 616 1941 sic
641 1911 792 1941 currentis

409 1955 475 1987 Deo
499 1964 621 1994 semper
648 1957 766 1991 uniens,

332 2036 338 2042 .
366 2010 389 2042 Ο
415 2019 541 2049 sparsor
567 2011 744 2043 divitiarum

407 2056 573 2095 Erogando
596 2058 795 2097 pauperibus,

361 2102 385 2134 O
410 2105 532 2141 spretor
557 2104 735 2135 deliciarum

405 2149 580 2181 insistendo
604 2150 774 2189 laboribus,

359 2194 513 2227 Defensor
537 2197 735 2228 ecelesiarum

408 2242 483 2273 Tuis
504 2243 619 2274 tuendo
642 2244 769 2286 viribus,

361 2288 430 2320 Duc
443 2298 499 2320 nos
512 2290 553 2321 ad
565 2299 693 2330 regnum
705 2291 902 2330 praeclarum

403 2336 468 2368 Piis
493 2334 625 2368 fovendo
649 2337 803 2376 precibus.

973 223 1010 255 V.
1037 223 1094 261 Qui
1118 225 1165 254 tot
1187 223 1288 262 aegris
1312 223 1496 262 praestitisti

1085 269 1283 302 Curationum
1307 270 1448 309 gratiam,

1037 315 1136 347 Nobis
1162 314 1268 347 confer
1293 316 1373 347 dono
1397 315 1512 347 Christi

1083 362 1375 401 Transgressionum
1401 362 1532 394 veniam.

1130 483 1146 514 I
1154 492 1176 513 n
1199 482 1227 513 L
1235 492 1254 514 a
1261 491 1283 513 u
1292 481 1332 513 di
1341 481 1360 513 b
1370 491 1391 512 u
1400 490 1424 515 S.

1178 544 1368 580 Antiphonae.

978 602 994 633 1
1001 626 1008 632 .
1034 601 1210 633 Ludovicus
1234 602 1328 633 hodie

1077 648 1230 679 Decorem
1253 648 1380 679 indutus

1030 694 1090 725 Est
1114 694 1257 726 coelestis
1280 695 1402 733 patriae

1077 740 1216 780 Regnum
1242 743 1432 772 consecutus.

998 819 1004 825 .
1031 796 1136 827 Omnis
1159 798 1245 827 terra
1264 796 1379 834 jubilet

1074 842 1141 873 Deo
1164 842 1248 873 laeta
1269 843 1407 874 serviens

1029 888 1251 927 Laudibusque
1274 889 1383 928 vigilet

1065 934 1186 966 Novum
1211 934 1324 965 festum
1348 933 1476 966 faciens

996 1014 1003 1021 .
1028 990 1081 1020 Ad
1103 992 1145 1028 te,
1170 989 1255 1020 Deus
1278 998 1374 1029 meus,

1077 1035 1206 1075 Semper
1230 1036 1371 1074 vigilavit

1030 1081 1142 1120 Sicque
1164 1091 1319 1120 nunquam
1343 1090 1414 1113 reus

1079 1127 1187 1159 Coelos
1210 1129 1395 1167 penetravit.

997 1207 1003 1213 .
1029 1183 1195 1214 Benedixit
1224 1185 1393 1214 creatorem

1077 1229 1114 1260 In
1137 1229 1201 1259 suis
1226 1229 1370 1268 operibus

1029 1275 1205 1306 Ludovicus
1227 1284 1336 1315 gerens
1357 1284 1473 1307 morem

1074 1321 1189 1352 Datum
1214 1322 1290 1352 coeli
1316 1322 1444 1354 civibus.

996 1400 1002 1406 .
1029 1376 1204 1407 Ludovicus
1227 1376 1393 1407 Dominum

1077 1422 1126 1454 De
1151 1423 1243 1453 coelis
1267 1423 1416 1465 laudavit,

1029 1468 1157 1506 Quando
1181 1469 1263 1500 vitae
1286 1470 1450 1500 terminum

1074 1514 1165 1546 Coelo
1192 1515 1357 1549 dedicavit,

1146 1577 1191 1604 Aa
1209 1578 1390 1605 Benedictus.

994 1658 999 1663 .
1027 1633 1213 1673 Ludovicus‚
1241 1635 1334 1666 decus
1350 1637 1554 1676 regnantium,

1027 1680 1154 1711 Transit
1177 1679 1252 1712 felix
1277 1681 1317 1712 ad
1348 1683 1425 1713 coeli
1449 1684 1557 1714 solium

1027 1727 1120 1764 Cujus
1146 1735 1239 1765 prece
1264 1730 1368 1759 coetus
1392 1727 1529 1760 fidelium

1028 1773 1144 1804 Summi
1160 1773 1241 1812 regis
1261 1774 1358 1805 intret
1369 1775 1402 1805 in
1413 1776 1569 1814 gaudium.

1562 1710 1569 1725 7

1097 1893 1142 1924 In
1168 1895 1199 1927 2.
1224 1893 1439 1933 VesperiS.

1140 1955 1233 1993 Super
1252 1958 1393 1985 Psalmos.

993 2035 1000 2044 .
1027 2012 1050 2044 O
1078 2013 1171 2044 decus
1196 2015 1355 2055 ecclesiae,

1071 2059 1126 2090 Pie
1148 2068 1204 2091 rex
1228 2061 1429 2101 Francorum,

1025 2106 1196 2145 Exemplar
1217 2108 1368 2147 justitiae,

1070 2152 1138 2183 Lex
1162 2155 1194 2184 et
1216 2162 1325 2186 norma
1348 2164 1478 2196 morum,

1025 2198 1184 2230 Ludovice
1207 2201 1315 2240 requie

1070 2245 1191 2277 Fruens
1215 2246 1378 2280 beatorum

1024 2292 1110 2323 Tuae
1135 2293 1215 2325 dono
1239 2295 1359 2334 gratiae

1069 2338 1119 2370 Da
1142 2348 1240 2380 regna
1264 2342 1429 2375 coelorum.
