1656 2491
752 99 1005 133 -88-

695 192 752 229 Qui
777 191 900 222 effectos
925 192 1056 222 humiles

739 246 794 268 nos
819 237 880 268 sibi
902 237 1054 276 gratificet

694 284 744 314 Ae
766 283 855 313 istius
879 284 1024 321 precibus

740 329 771 359 in
798 329 890 359 coelis
915 328 1076 368 glorificet.

318 398 399 424 Brev.
428 406 477 423 ms.
504 397 655 432 Anglieum
681 403 755 423 saec.
783 393 826 422 13.
864 395 931 424 Ood.
954 396 1094 423 Parisien.
1123 394 1228 423 12036.
1257 411 1292 416 —
1317 397 1351 424 In
1378 394 1405 424 3.
1434 397 1514 425 Noet.

247 431 267 458 R
289 432 313 465 2.Ἰ
333 433 353 460 4
371 434 442 460 clam
462 434 583 467 arripuit
601 433 705 467 fugam.
724 432 777 458 Hs.

523 539 563 569 31.
602 539 643 569 De
665 547 704 569 ss.
727 538 839 576 Cantiu,
861 538 1014 577 Gentiano,
1036 539 1229 570 cantionilla.

378 612 422 642 In
448 612 478 644 1.
503 612 712 649 Vesperis.

447 673 636 709 Antiphonae.

273 753 280 760 .
306 729 423 768 Impari
447 730 498 768 qui
522 730 639 768 gaudes

350 783 486 811 numero,
502 775 594 810 Deus!
609 776 843 816 accipelaudes‚

306 821 385 858 Quas
408 829 465 859 pro
489 820 676 859 martyribus

352 866 405 897 dat
429 866 539 897 chorus
563 867 622 896 iste
645 866 755 898 tribus.

272 953 278 960 .
306 930 382 961 Sunt
405 937 514 960 revera
542 932 616 966 tres,

349 983 424 1013 quos
449 975 501 1005 dat
526 976 681 1014 generatio
704 974 827 1014 fratres,

307 1020 415 1051 Dietos
439 1020 611 1051 nominibus

349 1074 446 1103 paene
471 1067 555 1104 quasi
582 1066 719 1104 paribus.

271 1154 278 1160 .
303 1128 423 1159 Nomen
446 1129 589 1167 idemque
613 1127 679 1159 fere

349 1173 408 1204 fuit
432 1175 489 1215 his,
517 1175 588 1212 quia
611 1177 713 1205 mente
737 1173 824 1206 fuere

302 1219 346 1249 Hi
368 1222 432 1249 tres
456 1220 534 1250 sicut
557 1220 640 1251 idem

348 1265 440 1295 corde
464 1266 596 1296 tenendo
620 1265 724 1296 fidem.

272 1354 278 1360 .
303 1328 453 1366 Tempore
477 1338 536 1367 quo
561 1329 711 1368 siquidem

348 1373 463 1404 Romae
485 1374 655 1405 residentia
677 1375 800 1413 pridem

302 1419 360 1449 His
384 1419 482 1449 ‘tribus
508 1420 636 1459 egregiis

348 1462 431 1494 faeta
454 1463 514 1495 fuit
537 1466 637 1502 sociis,

302 1508 389 1539 Exiit
413 1510 546 1540 edietum

345 1555 456 1593 gladils
489 1556 568 1594 quod
595 1556 626 1586 in
650 1556 727 1587 urbe
751 1566 840 1595 prae—

620 1605 742 1640 ceptum

301 1645 393 1676 Plebs
418 1645 532 1677 Christi
558 1647 693 1681 caderet,

346 1691 378 1721 ni
402 1700 490 1723 sacra
515 1692 562 1723 dis
587 1691 713 1725 faceret.

269 1778 275 1784 .
301 1755 389 1785 Istud
413 1755 454 1785 ad
478 1756 613 1786 auditum

345 1799 476 1831 fratrum
501 1802 572 1832 dum
593 1803 677 1833 venit
695 1803 837 1843 edictum,

298 1845 374 1877 Mox
396 1847 457 1876 iter
481 1848 630 1886 arripitur

344 1892 503 1931 Romaque
527 1893 689 1925 deseritur.

265 1981 272 1987 .
297 1954 381 1986 Urbs
409 1956 533 1987 tandem
557 1958 674 1995 petitur

344 2002 498 2040 Aquileia,
524 2004 579 2033 sed
603 2005 758 2042 reperitur

299 2046 373 2077 Plus
398 2056 488 2085 quam
511 2048 628 2079 Romae
651 2059 724 2089 gens

344 2093 395 2122 hie
417 2093 541 2131 pietatis
565 2103 666 2134 egens.

296 2137 382 2169 Urbe
406 2139 578 2171 subintrata

344 2192 417 2223 gens
442 2187 574 2217 accurrit
598 2188 759 2228 scelerata,

261 2253 268 2260 .
294 2230 378 2268 Quae
401 2233 559 2270 praecepit
584 2233 627 2264 eis

341 2276 515 2308 sacrificare
541 2279 610 2310 diis,

1086 610 1131 636 Aa
1149 608 1326 645 Magnificat.

901 661 940 692 A.
966 660 1055 692 Servi
1079 662 1201 700 quando
1229 661 1286 692 teri

1015 711 1126 746 cogunt
1151 707 1216 745 hos,
1241 708 1326 738 nolle
1349 706 1444 739 fateri

966 752 1081 783 Natum
1105 758 1204 784 matre
1227 753 1337 791 Deum,

1011 798 1083 836 plus
1108 798 1293 836 profitentur
1316 807 1395 837 eum,

970 843 1086 875 Christi
1106 845 1195 882 J'ussa
1219 845 1332 882 colunt,

1010 898 1068 927 pro
1094 891 1179 928 quus
1203 891 1325 921 nomine
1349 891 1458 922 nolunt

967 934 1019 965 Sic
1041 944 1135 973 prece
1158 936 1204 966 sie
1229 945 1286 974 pro
1312 937 1343 966 vi

1013 980 1188 1012 sacrificare
1211 981 1291 1015 Jovi.

1033 1063 1093 1093 Ad
1117 1063 1374 1096 Matutinum.

1096 1122 1305 1148 Invitatorium.

963 1171 1091 1203 Cantica
1114 1173 1274 1203 solvantur

1011 1217 1143 1256 Christo,
1156 1227 1214 1256 per
1226 1227 1315 1257 quem
1324 1220 1508 1252 trabeantur

964 1263 1048 1294 Certi
1071 1264 1211 1301 martyrii

1009 1309 1135 1340 Cautius
1161 1312 1190 1339 et
1214 1310 1298 1341 socii.

1028 1391 1073 1421 In
1100 1393 1128 1423 1.
1153 1391 1376 1424 Nocturno.

1102 1449 1293 1483 Antiphonae.

930 1524 938 1531 .
963 1500 1132 1531 Unanimes
1157 1509 1253 1539 aeque

1009 1544 1123 1576 fratres
1148 1551 1219 1577 sunt
1242 1556 1358 1587 speque
1381 1548 1505 1589 fideque

961 1591 1005 1622 Et
1028 1600 1131 1622 seeum
1156 1593 1284 1631 geminis

1007 1637 1053 1667 sie
1074 1646 1160 1669 amor
1183 1639 1261 1669 vivit
1283 1640 1316 1670 in
1339 1641 1398 1672 his.

928 1717 935 1724 .
961 1691 1027 1722 Hos
1053 1692 1168 1723 Christi
1190 1694 1291 1725 inesse

1009 1737 1083 1768 facit
1105 1739 1250 1770 ardentes
1273 1749 1360 1772 amor
1385 1751 1462 1781 esse,

960 1782 1038 1822 Spes
1062 1785 1168 1815 reddit
1192 1786 1319 1817 stabiles

1007 1833 1100 1868 atque
1121 1829 1199 1861 fides
1223 1832 1362 1867 humiles,

927 1909 934 1915 .
961 1883 1117 1915 Christum
1140 1890 1306 1929 sectantur,

1006 1930 1121 1961 Christi
1145 1934 1298 1972 magnalia
1321 1934 1438 1975 fantur,

960 1976 1090 2014 Semper
1114 1978 1153 2008 ad
1178 1979 1259 2010 hune
1284 1981 1427 2022 clamant,

1004 2031 1094 2061 quem
1117 2028 1302 2057 veneranter
1326 2033 1440 2060 amant.

1097 2096 1298 2132 Responsoria.

928 2168 935 2176 .
960 2146 1010 2177 Ex
1033 2147 1134 2179 tribus
1158 2152 1191 2179 ut
1214 2152 1310 2182 sensit

1001 2193 1109 2233 J'udex‚
1127 2195 1167 2226 ad
1185 2197 1258 2234 quid
1276 2206 1333 2229 sua
1347 2208 1435 2232 mens
1452 2202 1502 2240 sit,

958 2239 1012 2270 Ira
1036 2247 1088 2270 cor
1112 2242 1212 2272 exurit

1006 2285 1071 2324 eJ'us
1096 2291 1125 2317 et
1149 2288 1223 2320 inde
1247 2288 1334 2329 furit,
