1656 2491
255 747 273 777 U!

746 71 999 106 -130—

308 172 378 205 Jam
403 171 481 202 haec
504 172 552 201 est
572 169 662 207 virgo
684 166 810 203 sapiens

306 217 425 249 Ferens
449 217 549 247 lucem
574 217 605 244 et
626 213 735 249 oleum,

308 264 392 301 Quae
415 261 521 300 sponsi
545 266 650 291 vocem
676 256 803 288 audiens

306 308 418 340 Mortis
444 306 541 338 evasit
563 305 716 343 laqueum.

309 364 332 395 O
357 363 449 393 beata
471 359 605 397 Enimia,

305 407 414 439 Nostri
437 408 537 437 mater
561 403 682 442 eximia,

306 453 354 484 Tu
378 460 453 490 roga
476 454 580 482 natum
607 448 734 488 virginis

307 500 369 531 Pro
392 497 481 529 nobis
504 497 565 527 reis
589 495 734 527 criminis.

277 579 282 584 .
308 553 419 585 Amica
438 551 521 591 regis
545 550 671 591 gloriae,

308 599 428 638 Sponsa
452 597 567 630 Christi
591 596 712 636 eximia,

310 645 387 677 Suos
412 645 572 675 conservet
595 642 688 674 hodie

310 691 358 722 De
382 698 499 721 summa
523 688 588 728 poli
613 688 708 721 curia.

278 771 285 777 .
311 746 453 776 Resultet
477 752 535 775 vox
559 742 697 775 fidelium

311 790 355 821 Et
375 789 482 821 laudet
507 796 609 828 regem
633 788 777 827 gentium,

311 835 367 873 Qui
392 835 437 866 sic
462 835 588 865 decorat
611 833 745 872 virgines

311 881 396 911 Inter
421 880 533 910 electos
558 880 692 910 ordines.

312 936 388 967 Jesu
413 934 504 964 decus
527 933 669 965 Enimiae

312 980 434 1011 Merces
459 988 545 1010 amor
566 982 595 1009 et
619 978 761 1009 meritum

311 1026 457 1056 Nostrum
481 1024 607 1056 absolve
633 1024 778 1056 debitum.

428 1106 473 1132 Ad
495 1105 673 1132 Benedictus.

316 1163 460 1195 Declinat
484 1162 583 1192 noetis
606 1160 755 1198 nubilum,

313 1209 406 1240 Lucis
431 1207 570 1246 adspirat
593 1206 709 1244 radius,

317 1256 479 1287 catervam
503 1255 640 1283 nostram
663 1252 768 1282 visitat

316 1300 368 1331 Sol
394 1299 543 1336 Christus,
567 1297 628 1329 Dei
649 1296 743 1335 filius,

316 1344 397 1376 Nam
421 1347 524 1382 gustat
547 1352 634 1374 suum
658 1342 828 1380 praemium

316 1389 511 1429 Virginitatis
535 1389 642 1427 gloria,

316 1435 396 1466 Nam
422 1434 520 1465 cernit
543 1442 646 1472 regem
668 1433 813 1471 gentium,

316 1480 412 1512 Suum
436 1488 590 1518 sponsum,
615 1478 747 1510 Enimia.

969 162 1054 193 Luce
1079 162 1233 199 comptam
1258 161 1289 188 et
1312 158 1379 188 oleo

971 208 1068 245 Quam
1092 213 1166 236 vere
1186 203 1284 242 judex
1308 202 1468 242 comperit,

970 253 1088 284 Secura
1111 249 1207 282 stabit
1228 249 1302 281 ideo

971 299 1069 337 Tunc,
1096 305 1164 327 eum
1189 296 1325 327 secundo
1348 294 1480 326 fulserit.

1042 418 1086 449 In
1113 419 1143 450 2.
1169 415 1380 454 Vesporis.

1092 480 1137 507 Ad
1155 478 1331 516 Mag-nificat.

938 559 945 567 .
972 534 996 565 O
1022 532 1123 570 beata,
1153 539 1231 572 quae
1251 531 1317 569 J'am
1341 538 1489 569 sponsum

1019 578 1167 618 virginem
1193 576 1401 617 amplecteris,

974 626 1045 658 Jam
1069 632 1252 663 quocunque
1273 622 1362 654 vadit
1386 629 1493 661 agnus,

1021 678 1130 709 agnum
1157 669 1244 708 virgo
1269 669 1417 708 sequeris,

972 717 1040 748 Fac
1064 716 1192 753 orando,
1218 722 1258 746 ne
1282 714 1443 746 tradamur

1018 762 1142 800 ignibus
1166 760 1322 799 tartareis,

977 808 1051 839 Cum
1076 806 1263 838 frumentum
1285 807 1387 844 ,iustus
1409 805 1509 843 judex

1022 852 1142 884 dividet
1165 861 1183 883 a
1206 851 1316 890 paieis.

1080 924 1148 951 Atia
1167 923 1343 959 Antiphonti.

975 977 999 1008 O
1024 976 1110 1015 virgo
1133 975 1268 1013 Enimia,

974 1021 1068 1060 Laus,
1095 1021 1188 1052 decus
1213 1024 1245 1051 et
1268 1020 1367 1059 gloria

973 1067 1017 1098 Es
1042 1067 1073 1098 in
1100 1067 1177 1097 coeli
1202 1067 1314 1106 patria,

977 1112 1055 1150 Quia
1077 1120 1134 1151 per
1156 1115 1188 1143 te
1211 1112 1304 1144 hodie

976 1158 1101 1190 Gaudet
1122 1166 1251 1198 regnum
1274 1157 1439 1196 Franciaa

975 1204 1024 1235 De
1048 1212 1107 1243 quo
1131 1206 1201 1235 tuus
1223 1204 1348 1235 humilis

977 1249 1106 1281 Genitor
1129 1258 1167 1280 ao
1191 1249 1303 1281 nobilis

975 1295 1050 1326 Fuit
1074 1304 1128 1326 rex
1154 1299 1183 1326 et
1210 1296 1360 1327 dominus

976 1341 1037 1372 Per
1061 1344 1093 1372 te
1116 1341 1329 1380 pusillanimes

976 1386 1089 1418 Effeoti
1113 1390 1185 1418 sunt
1207 1387 1388 1426 incolumes,

978 1432 1090 1471 Sisque
1114 1432 1198 1464 Deus
1222 1432 1374 1464 miracula

976 1478 1068 1509 Facit
1091 1486 1149 1517 per
1172 1482 1204 1509 te
1227 1488 1285 1517 per
1306 1479 1440 1510 saecula.

327 1560 396 1587 Cod.
415 1560 554 1587 Parisien.
575 1557 637 1587 913.
658 1567 732 1586 saeos
754 1557 797 1586 14.
818 1574 854 1578 —
872 1559 907 1586 In
926 1558 952 1585 2.
972 1560 1053 1587 Noct.
1076 1557 1095 1585 R
1116 1557 1142 1590 2,
1162 1558 1180 1586 2
1198 1562 1291 1587 murte
1310 1561 1362 1587 Hs.

599 1694 648 1725 48.
687 1694 729 1725 De
747 1702 786 1725 ss.
805 1693 977 1734 Epiphanio
999 1695 1031 1724 et
1048 1693 1174 1725 Isidoro.

387 1782 432 1813 In
457 1783 486 1814 1.
512 1781 723 1820 Vesperis.

434 1853 525 1889 Super
542 1853 681 1881 Psalmos.

288 1934 294 1939 .
323 1910 465 1941 Gaudent
489 1909 588 1941 sancti
613 1910 651 1941 de
675 1909 807 1948 tegmine

323 1955 494 1986 Candidato
518 1955 551 1985 in
574 1955 722 1994 sanguine

321 2001 413 2041 Agni‚
438 2008 495 2038 pro
520 2001 605 2039 cujus
625 2000 748 2031 nomine

323 2046 411 2077 Passi
435 2044 578 2077 fruuntur
600 2046 732 2078 numine.

287 2143 295 2150 .
321 2120 418 2150 Nemo
441 2122 547 2157 posset
568 2121 709 2150 retexere

322 2166 513 2204 Praeparata
534 2165 733 2205 martyribus,

321 2213 472 2244 Juvamen
495 2212 603 2243 horum
626 2214 734 2251 petere

321 2256 463 2289 Sufficiat
484 2257 675 2297 mortalibus,

915 1781 952 1814 V.
976 1781 1146 1820 Epilmani,
1170 1781 1292 1813 Isidore

1025 1826 1124 1865 Beati,

981 1872 1046 1904 Nos
1070 1873 1182 1904 solvite
1205 1882 1225 1904 a
1246 1881 1377 1912 corpore

1025 1918 1161 1951 Peccati.

1100 1982 1146 2009 Ad
1162 1981 1339 2018 Magnificat.

918 2028 958 2061 A.
983 2028 1098 2067 Fulget
1119 2029 1202 2060 aima
1226 2027 1378 2060 confessio

981 2074 1098 2105 Felicis
1120 2074 1294 2113 Epiphanii

982 2120 1158 2160 Isidorique
1181 2122 1296 2163 passio,

984 2169 1033 2198 Ac
1056 2176 1114 2206 pro
1137 2168 1243 2206 palma
1265 2169 1410 2208 martyrii

983 2213 1128 2253 Regnant
1150 2214 1185 2246 in
1208 2215 1284 2246 solio

982 2259 1133 2291 Perennis
1157 2261 1271 2300 gaudii.
