1679 2491
728 67 961 102 -47—

239 185 245 192 .
270 160 356 192 Villa
372 160 536 199 quaedam,
558 170 616 201 per
632 170 725 200 quam
740 162 819 201 ibat,
882 163 914 195 3.
939 160 1124 200 Ubicunque
1146 159 1347 199 procedebat,

272 206 351 238 Tota
376 205 444 238 fere
467 206 557 245 plebs
581 207 705 246 peribat

316 252 385 284 Nec
407 252 470 283 nori
495 253 641 285 animalia

315 298 477 338 Aquarum
501 300 651 337 penuria3

237 367 244 374 .
271 344 336 382 Quo
361 345 468 376 audito
492 344 603 376 baculo

273 390 372 421 Terra
395 389 458 421 fixo
482 390 598 429 populo

315 435 402 468 Fons
427 435 517 468 divus
542 436 666 468 exsiliit.

240 516 247 523 .
271 491 334 523 Die
357 491 492 532 quadam
516 492 720 531 exspectabat

273 538 371 576 Opem
395 538 507 577 sancti,
533 546 624 577 quam
649 537 787 576 optabat,

318 583 490 615 Multitudo
515 583 727 623 languentium

318 629 412 661 Stans
435 632 507 661 ante
531 630 640 661 domus
663 629 794 668 ostium3

238 701 244 707 .
269 675 328 706 Vir
351 675 502 714 benignus
526 676 644 714 pietate

271 721 338 752 Hos
363 720 482 752 remisit
506 722 641 752 sanitate

319 766 446 798 Cunctis
470 766 558 805 prius
581 766 716 799 reddita.

335 860 382 891 In
408 861 437 891 3.
464 859 651 890 Nocturn
662 867 690 891 0.

416 917 607 953 Antiphonae.

239 998 247 1007 .
273 974 370 1006 Juxta
392 975 529 1005 montem
551 973 713 1005 habitabat

272 1019 408 1058 Serpens
420 1020 539 1058 iugem,
554 1020 616 1061 qui,
630 1021 702 1051 dum
713 1017 818 1060 flabat,

273 1065 335 1097 Suo
359 1064 436 1096 flatu
460 1065 553 1097 morti
579 1066 673 1097 dabat

318 1112 438 1143 Terrae
460 1112 527 1150 eius
549 1112 679 1143 incolas.

238 1190 245 1198 .
271 1168 370 1199 Prece
393 1166 495 1205 plebis
516 1166 694 1206 inclinatus,

273 1213 331 1251 Qui
355 1214 489 1244 reclinat
514 1213 696 1252 declinatus,

271 1259 450 1290 Monstrum
474 1259 556 1290 stola
579 1259 738 1297 colligavit

274 1305 319 1336 Et
341 1305 375 1335 in
399 1313 480 1344 aqua
503 1304 674 1336 suffocavit.

242 1387 249 1394 ,
275 1360 401 1391 Timens
426 1359 521 1391 vitam
545 1359 694 1391 maculari

275 1407 349 1439 Una
371 1407 465 1437 laude
488 1406 634 1445 populari

276 1452 329 1484 Ad
354 1452 511 1483 desertam
534 1451 730 1483 Britanniam

275 1498 384 1537 Pergit
406 1498 550 1536 linquens
573 1497 758 1530 Redoniam.

414 1561 617 1595 Responsoria.

242 1639 250 1647 .
275 1612 328 1645 Ad
352 1613 520 1644 Britannos
545 1612 776 1652 transmeando,

276 1659 416 1691 Verbum
440 1658 500 1690 Dei
523 1658 705 1690 seminando

276 1706 395 1738 Multas
420 1707 526 1744 gentes
551 1704 724 1744 baptizavit

274 1752 320 1784 Et
342 1751 429 1783 idola
454 1751 664 1790 conculcavit;

241 1825 249 1833 .
273 1798 380 1830 Aedes
404 1806 510 1829 sacras
534 1796 701 1829 fabricavit

322 1845 399 1877 Jesu
425 1843 548 1875 Christo
572 1844 695 1874 noviter

275 1891 320 1923 Et
342 1891 375 1922 in
399 1889 463 1921 fide
487 1889 648 1921 roboravit

323 1937 437 1969 Servos
461 1936 523 1968 Dei
545 1935 687 1967 firmiter.

242 2020 250 2027 .
276 1993 411 2033 Quidam
436 1992 553 2025 habens
578 1991 773 2023 daemonium

276 2040 384 2073 Sancti
407 2042 518 2078 petens
543 2038 693 2069 auxilium

273 2088 352 2127 Ejus
377 2087 476 2117 sensit
499 2084 679 2125 suffragium

320 2134 423 2166 Tactu
444 2132 521 2164 lecti
542 2130 711 2163 straminis.

239 2208 246 2215 .
272 2181 373 2213 Tactu
397 2179 494 2211 vestis
520 2181 567 2210 est
591 2180 701 2210 sanata

275 2228 435 2267 Quaedam
461 2226 515 2258 diu
539 2224 671 2267 fatigata

321 2274 456 2315 Propter
478 2271 596 2304 fluxum
620 2270 790 2311 sanguinis.

940 208 1037 247 Opem
1061 210 1170 246 petens
1194 205 1361 237 accedebat

984 252 1181 285 Infirmorum
1205 252 1321 291 concio,

985 300 1070 338 Quae
1094 298 1159 337 ejus
1183 297 1299 329 auxilio

940 345 1053 384 Sospes
1076 343 1253 384 recedebat,

904 415 912 423 .
938 391 1149 430 Qualicunque
1171 390 1357 421 tenebantur

940 437 1037 475 Aegri
1059 436 1178 476 morbo,
1206 435 1393 467 curabantur

985 482 1062 521 EJ'us
1087 482 1299 513 medicamine.

1032 594 1048 625 I
1057 602 1077 623 n
1101 593 1129 624 L
1137 601 1155 623 a
1163 602 1184 623 u
1194 592 1261 623 dib
1270 601 1291 622 u
1299 600 1323 623 s.

1084 655 1275 690 Antiphonae.

908 740 916 748 .
940 716 999 747 Vir
1021 715 1153 746 illustris
1180 723 1302 755 genere,

940 760 1099 793 Illustrior
1123 768 1161 791 ex
1183 768 1288 800 opere,

943 807 1040 846 Opem
1066 806 1162 837 dabat
1185 805 1325 837 omnibus

939 852 1055 883 Bestiis
1081 855 1111 883 et
1132 851 1317 883 hominibus.

910 935 915 940 .
941 907 1080 945 Quadam
1108 907 1161 938 die
1183 907 1320 937 sentiens

940 953 1053 985 Morbo
1078 961 1111 983 se
1134 953 1258 991 gravari

940 1000 1043 1031 Intrat
1067 999 1235 1030 oratorium

941 1045 1043 1076 Deum
1066 1044 1238 1084 deprecari.

909 1126 917 1133 .
943 1100 1054 1132 Statim
1079 1100 1169 1131 adest
1192 1099 1319 1138 angelus

942 1146 1036 1178 Dulci
1058 1146 1150 1177 modo
1174 1146 1295 1177 intrans

941 1193 1035 1224 Hunc
1059 1191 1186 1223 affatur:

942 1238 1015 1269 Tibi
1038 1238 1098 1269 Dei
1122 1237 1223 1277 gratia

943 1283 1189 1323 Supererogatur

942 1328 1045 1361 Locus
1069 1328 1128 1359 tibi
1153 1328 1275 1359 debitus

945 1375 1021 1407 Cum
1044 1374 1159 1407 sanctis
1183 1376 1324 1413 paratur.

910 1455 918 1464 .
945 1430 1113 1462 Genitricis
1138 1427 1292 1470 [Domini]

945 1476 1106 1515 Completo
1130 1476 1280 1507 solemnio

942 1523 1010 1554 Deo
1034 1522 1172 1553 reddens
1195 1522 1339 1560 spiritum

943 1569 987 1600 Et
1009 1570 1186 1599 sanctornm
1209 1567 1357 1606 praemio,

944 1614 1032 1653 Quod
1058 1616 1106 1646 est
1128 1614 1187 1646 tibi
1212 1613 1360 1652 debitum,

944 1660 1074 1692 Frueris
1099 1669 1168 1691 cum
1192 1659 1316 1700 gaudie.

912 1741 918 1747 .
944 1716 1039 1748 Dicta
1062 1715 1113 1747 die
1137 1715 1261 1747 reddito

944 1762 1068 1794 Missali
1091 1761 1195 1792 officio

943 1808 989 1840 Et
1010 1808 1163 1839 instructo
1186 1807 1302 1846 populo

945 1854 1060 1886 Divino
1086 1853 1206 1893 eloquio

946 1900 1078 1932 Discens
1103 1899 1220 1931 obitum
1243 1907 1332 1930 suum

946 1946 1029 1981 Deo,
1039 1945 1147 1977 reddit
1169 1945 1323 1985 spiritum.

1066 2028 1111 2056 Ad
1130 2027 1310 2056 Benedictus.

914 2105 920 2113 .
944 2082 1135 2121 Impetrator
1157 2080 1276 2120 veniae,

946 2129 1010 2160 Vas
1034 2127 1132 2159 omnis
1156 2127 1337 2165 munditiae,

948 2174 1057 2207 Coelos
1081 2174 1234 2206 scandens
1255 2173 1350 2206 hodie

946 2221 1042 2253 Pulsa
1064 2229 1167 2260 regem
1192 2220 1310 2261 gloriae

946 2268 1008 2300 Pro
1031 2268 1128 2308 lapsis
1153 2267 1302 2307 quotidie.
