1679 2491
400 173 444 199 Ad
462 174 639 209 Mag-nificat.

211 219 252 249 A.
279 217 329 249 Sis
352 227 411 257 pro
436 220 525 251 nobis
546 222 743 261 intercessor,

325 272 478 304 rogamus,
504 267 545 297 ad
570 267 745 303 Dominum,

277 309 323 342 Ut
347 319 403 341 nos
429 316 518 350 regat
542 315 572 342 et
595 314 748 352 perducat

325 356 366 387 ad
393 357 469 388 coeli
493 358 654 396 palatium,

278 401 342 433 Ubi
367 405 466 433 tecum
494 406 524 433 et
549 412 617 435 cum
642 404 757 435 sanctis

323 448 418 480 simus
442 448 473 479 in
498 454 692 488 perpetuum.

480 513 556 540 Alia.

209 560 249 590 A.
277 559 389 590 Pastor
412 559 489 598 vigil

324 606 426 644 gregis
450 606 482 636 in
506 607 609 638 medio

279 650 367 682 Sacri
393 651 480 682 verbi

321 698 459 728 munitur
483 698 587 737 gladio

275 743 426 774 Plantans
450 751 551 774 mores

323 790 452 827 expulso
476 789 562 828 vitio,

277 834 340 866 Sed
364 835 492 866 absente

326 884 412 912 caret
437 881 557 920 solatio,

274 927 330 959 Cui
354 926 440 959 favet

321 975 357 1004 ut
377 977 469 1012 pater
491 973 566 1005 filio.

347 1068 375 1096 A
388 1066 407 1097 d
432 1065 612 1096 Matutin
623 1075 691 1098 um.

408 1125 620 1151 Invitatorium,

274 1171 312 1202 In
337 1180 398 1209 qua
422 1172 529 1210 vigent

318 1218 436 1256 jugiter
461 1218 620 1259 solemnia,

275 1263 381 1294 Mater
407 1263 492 1302 virgo

318 1309 433 1348 Jubilet
458 1309 598 1341 ecclesia.

339 1400 384 1432 In
410 1402 440 1433 1.
467 1401 524 1432 No
536 1404 692 1432 cturno.

419 1460 613 1495 Antiphonae.

217 1509 248 1540 1.
273 1507 389 1539 Mundi
413 1507 537 1538 calcans
561 1506 692 1545 gloriam

321 1553 429 1586 Cedda
455 1553 625 1584 declinavit

272 1599 419 1639 Corporis
443 1598 614 1639 lasciviam,

318 1647 402 1678 Dum
426 1653 496 1677 sese
520 1645 712 1678 claustravit.

211 1704 243 1734 2.
270 1701 351 1742 Jugo
375 1710 411 1732 se
433 1700 599 1739 supposuit

319 1748 446 1783 Christi,
473 1755 563 1786 quem
589 1745 709 1785 dilexit,

270 1795 330 1833 Qui
353 1793 520 1825 tenendam
547 1791 654 1823 docuit

315 1840 430 1880 Vitam,
457 1847 546 1879 quam
575 1838 700 1870 direxit.

211 1900 241 1932 3,
270 1898 328 1935 Qui
354 1904 423 1926 cum
448 1896 533 1927 vitae
556 1894 732 1925 sanctitatis

315 1943 360 1976 Ut
383 1943 438 1974 lux
463 1950 496 1973 se
519 1941 715 1980 monstravit,

265 1990 405 2022 Eboraci
431 1988 566 2020 civitatis

314 2035 617 2075 Archipraesulavit.

406 2100 610 2135 Responsoria.

207 2152 238 2183 1.
264 2149 358 2181 Hunc
383 2157 474 2187 quem
496 2154 641 2185 magnum

312 2195 420 2227 reddit
444 2193 624 2232 auctoritas,

267 2242 408 2275 ceddam
433 2249 564 2281 parvum

315 2287 392 2321 facit
415 2288 585 2326 humilitas,

950 177 1006 209 Cui
1030 185 1183 215 nunquam

997 223 1084 253 deest
1107 222 1292 262 benignitas,

880 268 919 300 V.
944 268 1014 299 Non
1040 268 1158 299 attollit

991 314 1080 344 illum
1103 316 1296 352 prosperitas

945 359 1054 398 Neque
1078 357 1196 399 frangit-

995 406 1121 443 quaevis
1146 406 1329 441 adversitas,

889 460 920 490 2.
946 460 1008 491 Hic
1030 460 1125 499 legati

996 506 1090 537 verbo
1115 511 1272 546 paruerat,

949 551 1069 583 Cedens
1094 553 1171 589 sedi,

995 598 1043 628 cui
1067 598 1256 639 praefuerat,

947 645 1123 677 Claustrum
1147 645 1228 683 petit,

994 693 1024 720 et
1047 698 1108 721 non
1132 696 1348 724 remurmurat.

880 734 918 766 V.
945 735 1007 768 Sed
1032 736 1192 775 indignum

992 780 1062 812 fore
1085 790 1119 812 se
1145 782 1269 815 dixerat

946 828 1048 859 Tanta
1072 835 1155 866 cura,

993 882 1085 912 quam
1109 882 1186 912 prae
1207 877 1359 908 tenuerat.

889 929 919 960 3.
944 929 993 960 De
1018 937 1077 967 quo
1101 928 1186 960 Deus

991 975 1036 1005 ita
1062 975 1224 1015 disposuit,

945 1021 1135 1052 Marciorum

990 1067 1072 1105 quod
1096 1067 1171 1098 inde
1194 1066 1332 1105 praefuit

949 1112 1054 1151 Gregi,
1080 1120 1189 1151 regens

994 1158 1076 1189 hunc
1100 1159 1180 1189 sicut
1205 1158 1316 1190 decuit.

880 1204 916 1235 V.
944 1204 1043 1236 Orans
1068 1208 1159 1235 nocte

993 1250 1033 1280 de
1058 1250 1108 1281 die
1134 1251 1249 1288 docuit,

945 1296 1007 1326 Per
1030 1304 1120 1334 quem
1147 1296 1263 1327 Christi

991 1349 1102 1372 nomen
1126 1342 1269 1372 innotuit.

1009 1451 1054 1482 In
1080 1452 1111 1483 2.
1137 1452 1359 1483 Nocturno.

1086 1514 1280 1548 Antiphonae.

886 1572 914 1603 1.
940 1570 1049 1602 Postes
1073 1571 1144 1609 agni
1169 1572 1318 1610 sanguine

991 1617 1024 1647 in
1050 1617 1101 1648 die
1122 1617 1235 1651 linivit,

942 1663 1050 1695 Crucis
1074 1671 1191 1694 memor
1215 1663 1341 1694 Domini

990 1717 1113 1740 carnem
1139 1710 1210 1740 dum
1235 1709 1367 1748 punivit.

884 1767 915 1796 2.
941 1764 1086 1804 Pugnans
1111 1768 1220 1795 contra
1243 1764 1320 1795 vitia

988 1810 1124 1849 palmam
1148 1810 1322 1848 acquisivit,

940 1857 1046 1889 Armis
1070 1857 1186 1887 nudam
1210 1855 1321 1887 ferreis

990 1910 1114 1933 carnem
1141 1903 1212 1933 dum
1236 1902 1371 1934 vestivit.

883 1960 914 1991 3.
941 1958 999 1996 Qui
1023 1958 1069 1989 sic
1092 1956 1209 1989 fontem
1234 1957 1382 1997 frigidum

986 2013 1077 2036 orans
1101 2004 1243 2036 introivit

938 2051 983 2082 Et
1008 2059 1069 2082 non
1096 2059 1207 2090 corpus
1233 2050 1334 2083 calido

986 2097 1098 2129 balneo
1123 2098 1263 2130 nutrivit.

1079 2181 1280 2215 Responsoria.

882 2237 912 2270 1.
937 2235 1052 2277 Legem
1078 2236 1195 2268 Christi

986 2283 1039 2323 qui
1062 2284 1109 2315 sic
1132 2286 1279 2322 tenuerat,
