1656 2491
723 71 974 106 -108—

351 167 395 198 In
420 169 450 198 2.
476 166 683 205 Vesperis.

399 221 444 247 Ad
461 219 634 255 Mag-nificat.

214 267 255 298 A.
280 267 399 298 Fidelis
426 267 547 305 Caesar,
573 265 670 297 beatis

327 313 464 350 reliquiis
487 312 582 351 potiri

283 356 435 396 (alaudem,
461 357 545 396 apud
568 357 638 387 illas

323 403 392 441 ipse
414 402 541 440 sepeliri

282 448 462 486 Praeelegit,
487 447 630 485 Dionysii

282 493 356 524 Sese
379 501 507 531 sperans
531 493 687 531 praesidio

326 542 356 569 et
379 539 476 569 tutela
499 537 612 576 fulciri,

279 584 371 615 Unde
395 586 426 614 et
450 584 637 615 desiderium

325 633 370 660 est
393 629 554 668 impletum
576 630 610 660 in
632 629 693 660 hoe
714 629 785 661 viri.

941 164 1004 195 Hie
1028 166 1075 194 est
1097 164 1151 195 ille
1174 164 1365 202 Arnolphus,

944 210 1002 248 Qui
1014 210 1054 241 ad
1062 210 1217 241 Maoharii
1230 209 1347 241 ferbuit
1360 208 1485 247 cultum,

942 256 1038 293 Quem
1062 259 1094 286 et
1118 255 1228 287 dilexit
1250 256 1391 287 multum.

940 301 1004 332 Hic
1028 304 1076 333 est
1098 302 1180 333 enim
1202 302 1258 333 ille
1281 300 1472 339 Arnolphus‚

942 347 999 385 Qui
1021 347 1058 386 ei,
1085 356 1175 386 quem
1198 348 1286 379 vivus
1312 346 1415 384 coluit,

942 393 1081 425 Tandem
1104 395 1244 424 mortuus
1262 393 1371 424 abesse
1387 391 1488 423 noluit

940 439 1076 478 Martyri
1101 439 1224 471 Christo
1248 438 1393 478 glorioso,

942 485 1037 522 Quem
1060 485 1093 514 in
1119 484 1212 515 coelis
1237 488 1417 515 coronatum

940 529 1037 561 Novit
1059 530 1167 568 lapide
1188 529 1337 568 pretioso.

284 692 367 718 Brev.
391 700 443 718 ms.
464 691 492 718 S.
511 692 677 719 Emmerani
696 699 769 719 saec.
792 690 834 718 14.
856 691 926 719 clm.
946 693 1094 719 Monacen.
1117 690 1152 719 14
1160 690 1222 719 600.
1240 693 1275 720 Α.
1297 706 1331 710 ——
1351 692 1435 720 Brev.
1456 694 1484 720 S.

212 728 388 755 Emmerami
411 729 478 763 imp.
505 727 585 755 1571.
605 728 637 755 B.
657 743 694 747 —
713 728 748 756 In
766 726 793 755 3
808 728 889 755 Noot.
910 729 1076 764 Antiphone.
1094 729 1132 755 ad
1151 728 1283 756 Cantica:
1304 728 1380 756 Veni
1403 732 1485 764 pater

215 765 339 798 Dionysi
365 768 417 791 ete.
437 779 472 783 —
491 765 623 797 Hymnus
648 766 679 791 in
701 765 788 799 Vesp.
817 766 846 791 et
862 765 968 792 Laud-2
994 765 1111 792 Electus
1136 765 1234 792 doctor
1258 767 1400 800 gentium,
1425 767 1483 801 vgl.

213 801 352 828 Analecta
363 801 408 828 IV.
432 810 459 836 p.
482 799 541 832 126„
561 810 604 828 wo
624 800 649 834 5,
671 800 688 827 2
707 803 739 828 in
758 802 905 828 somnibus
926 801 969 829 als
984 803 1031 828 ein
1043 801 1128 828 Wort
1139 810 1176 828 zu
1186 802 1266 829 lesen
1279 803 1329 836 ist3
1351 802 1388 830 ad
1400 803 1484 830 Noot.

212 837 322 870 Mai-tyr
340 838 396 864 Dei
416 839 467 872 qui
483 839 607 864 unicum.

624 943 671 974 39·
709 944 751 975 De
771 944 874 975 saneto
894 945 1067 984 Dompnolo*

344 1021 389 1051 In
415 1021 443 1052 1.
470 1021 574 1059 Vesp
587 1021 681 1053 eris.

395 1087 440 1113 Ad
457 1087 632 1121 Magnificat.

212 1141 251 1174 A.
278 1141 411 1173 Gloriosi
433 1142 616 1174 confessoris

323 1187 489 1225 Dompnoli
513 1189 660 1220 solemnia

281 1231 389 1264 Coetus
413 1237 518 1264 noster
542 1233 728 1266 celebranda

323 1278 434 1310 devote
456 1280 613 1319 suscipiat,

278 1322 342 1360 Quo
366 1332 499 1361 superna
522 1334 693 1356 mereamur

322 1368 440 1407 perfrui
466 1370 593 1402 laetitia.

347 1504 407 1535 Ad
428 1505 684 1538 Matutinum.

407 1571 615 1600 Invitatorium.

278 1625 468 1658 Salvatorem
491 1629 599 1660 mundi
623 1638 725 1661 omnes

321 1673 483 1704 adoremus
506 1673 679 1713 Dominum,

276 1717 334 1754 Qui
359 1721 497 1757 ereptum
520 1721 613 1751 terris
637 1725 776 1753 sanctum

318 1764 509 1795 sacerdotem
532 1765 738 1805 Dompnolum

274 1808 458 1841 Sublimavit
479 1811 650 1843 laureatum

319 1856 359 1886 ad
384 1856 461 1887 coeli
483 1857 609 1896 palatia.

337 1992 380 2022 In
407 1993 435 2025 1.
462 1993 518 2024 No
529 1997 683 2027 sturno,

415 2054 606 2091 Antiphonae.

217 2111 248 2142 1.
274 2112 339 2142 Iste
362 2113 484 2142 sanetus
508 2121 527 2144 a
550 2113 707 2151 primaevo

316 2157 402 2194 jussa
425 2165 554 2196 sequens
579 2158 703 2191 Domini

274 2202 363 2234 Omni
386 2211 503 2235 morum
526 2205 680 2242 probitate

315 2248 444 2288 insignis
469 2251 587 2284 enituit.

881 1022 912 1054 2.

938 1020 975 1051 In
999 1030 1058 1060 quo
1083 1024 1197 1061 quauta
1221 1023 1274 1053 lux
1299 1023 1442 1054 coelestis

983 1067 1101 1106 gratiae
1124 1071 1330 1108 succreverat,

937 1111 1014 1150 Ejus
1038 1114 1120 1144 sacri
1146 1113 1369 1152 depromebant

982 1160 1068 1189 actus
1094 1162 1124 1189 et
1149 1159 1279 1198 eloquia.

906 1236 911 1242 .
939 1212 996 1249 Qui
1020 1212 1142 1244 fervore
1164 1213 1372 1246 inflammatus

981 1257 1055 1289 fidei
1079 1259 1248 1290 catholicae

936 1302 1155 1342 Praepollebat
1178 1305 1210 1336 in
1237 1306 1379 1337 doctrina

978 1349 1057 1380 lucis
1082 1351 1286 1390 evangelicae.

1067 1412 1271 1448 Responsoria.

905 1485 910 1491 .
936 1458 1129 1490 Venerabilis
1154 1459 1312 1492 confessor

982 1504 1106 1543 Christi,
1131 1509 1255 1537 sanctus
1272 1506 1477 1548 Dompnolus‚

937 1549 1102 1582 Generosis
1126 1552 1274 1584 oriundus

978 1596 1177 1634 praedicetur
1201 1596 1362 1638 fratribus,

900 1665 906 1672 .
933 1640 1118 1673 Generosior
1142 1642 1265 1675 futurus

982 1688 1138 1726 generosis
1162 1689 1291 1720 actibus.

902 1766 908 1772 .
934 1741 993 1772 Ille
1016 1742 1151 1773 nondum
1176 1744 1306 1774 evolutis

979 1789 1067 1819 annis
1091 1788 1261 1826 puerilibus

933 1832 1129 1864 Rudimentis
1153 1836 1341 1874 mancipavit

981 1888 1049 1910 sese
1071 1879 1262 1920 liberalibus,

901 1951 907 1957 .
931 1924 978 1956 Ut
1000 1933 1136 1964 superna
1157 1926 1301 1958 instituta

978 1970 1117 2002 hauriret
1140 1970 1270 2008 felicius.

898 2049 908 2059 .
932 2025 1016 2057 Hinc
1039 2026 1162 2058 abunde
1187 2031 1351 2060 exornatus

979 2073 1101 2111 gemina
1124 2074 1254 2105 seientia

933 2118 970 2149 In
992 2117 1163 2156 pontificali
1187 2119 1278 2160 digne

979 2164 1163 2196 sublimatur
1187 2167 1344 2207 cathedra,

898 2234 905 2241 .
931 2208 1100 2249 Utriusque
1123 2213 1301 2244 testamenti

976 2256 1118 2288 suffultus
1141 2259 1265 2297 peritie.
