1679 2491
680 95 841 130 —165
898 114 934 119 -—

831 188 868 221 V.
894 188 993 220 Nobis
1016 189 1139 221 remitte
1163 190 1282 220 scelera

896 234 1028 275 Tibique
1051 245 1106 267 nos
1132 235 1326 272 confoedera,

944 281 1074 322 Christe,
1101 291 1176 321 quos
1201 281 1364 314 redimisti.

159 187 198 220 V.
225 188 344 220 Horum
369 188 479 227 sancti,
505 197 588 220 nunc
609 191 754 229 proprias

227 234 360 273 Quorum
384 234 460 266 colis
486 236 622 275 exuvias,

272 280 397 321 Typum
422 283 528 312 tenent
553 289 723 314 servorum.

169 356 200 386 2.
226 355 317 388 Cultu
342 355 470 386 laudum
493 355 653 394 impendia

272 401 388 433 Sacrae
413 401 585 433 devotionis

224 448 348 486 Prome,
373 456 521 486 praesens
547 448 687 487 ecclesia,

271 493 416 525 Paradisi
441 494 567 535 colonis,

228 540 361 578 Quorum
387 539 487 578 fulges
507 541 685 578 praesentia

273 585 515 625 Congaudesque
538 587 687 625 patronis.

162 632 198 663 V.
225 632 351 664 Laudes
375 633 512 671 ipsorum
537 633 653 671 amplia

228 678 320 709 Vitae
343 687 542 717 compescens
564 678 643 710 vitia

272 724 373 755 Filiae
396 724 576 763 Babylonis.

1009 384 1069 415 Ad
1093 383 1266 415 Laudes.

1011 460 1103 497 Super
1120 461 1260 489 Psalmos.

829 523 869 554 A.
893 521 987 553 Exuti
1015 522 1116 553 carnis
1141 523 1224 553 carie

939 569 1039 600 Deum
1064 569 1193 600 laudant
1216 569 1248 599 in
1274 568 1376 607 caelis,

895 615 932 645 ln
955 615 1050 646 laude
1075 623 1203 653 quorum
1226 615 1321 646 hodie

939 660 1084 692 Resultat
1106 663 1213 692 nostra
1237 660 1351 700 chelys,

1014 732 1058 758 Ad
1078 732 1259 760 Benedictus.

826 798 865 828 A.
892 797 937 828 Te
960 797 1133 836 laudamus,
1160 796 1235 828 Jesu
1256 797 1345 835 bone,

891 844 949 882 Qui
975 845 1129 874 certantes
1151 843 1186 873 in
1209 851 1309 882 agone

939 887 1103 921 Confortas
1128 898 1165 920 ex
1189 898 1326 928 munere,

893 935 975 966 Dum
1000 944 1056 966 nos
1083 935 1163 966 ditas
1186 935 1346 966 beatorum

895 980 1012 1019 Glebis,
1039 980 1089 1012 fac
1112 990 1168 1012 nos
1193 982 1233 1012 ad
1259 989 1363 1012 eorum

940 1026 1062 1058 Gaudia
1085 1027 1271 1066 pertingere.

172 800 202 831 3.
229 799 283 837 Te,
311 798 442 836 Christe,
467 798 598 829 laudant
620 805 742 836 supera,

224 845 333 884 Terra,
358 845 471 883 pontus
493 846 524 875 et
548 846 659 882 cetera,

272 890 477 929 Quaecunque
502 889 679 927 condidisti,

226 937 284 977 Qui
308 938 356 968 tot
378 937 409 967 in
434 937 517 967 vitae
541 944 672 974 vespera

225 982 324 1014 Nobis
349 984 525 1013 sanctorum
548 983 679 1020 pignora

270 1029 439 1060 Praeclara
464 1028 632 1059 contulisti.

161 1148 199 1175 XI
236 1110 490 1175 Βτῖἓὲᾙοοῌθῃεε
515 1110 583 1145 imp.
603 1109 765 1136 Turcnibus
789 1105 868 1135 1536.
903 1122 924 1127 -—
944 1107 1037 1135 Hiezu
1064 1108 1113 1134 der
1138 1108 1270 1140 Hymnus
1299 1107 1438 1134 Analecta

161 1167 173 1175 Α
202 1167 208 1180 ,
228 1157 256 1183 p.
335 1167 341 1173 .

565 1291 610 1322 64.
649 1291 691 1321 De
711 1290 818 1321 sancta
837 1289 1037 1320 Hermelinde.

297 1372 342 1403 In
369 1371 398 1403 1.
425 1369 635 1408 VesperiS.
958 1367 1017 1399 Ad
1042 1367 1302 1399 Matutinum.

156 1446 194 1477 R.
222 1446 328 1485 Virgo,
354 1444 527 1483 puellarum
1025 1449 1235 1476 Invitatorium.

269 1492 374 1530 decuS,
398 1490 597 1522 observantia
621 1489 737 1520 clarum

223 1537 326 1577 Sidus,
352 1537 496 1568 sexennis

266 1584 317 1615 bis
342 1584 465 1615 calcans
488 1583 601 1624 saecla,
621 1581 768 1620 perennis

222 1632 284 1664 Per
309 1631 410 1663 carnis
437 1629 571 1661 domitae

268 1686 395 1717 regnum
419 1676 499 1716 petit
522 1676 621 1707 ardua
644 1675 735 1716 vitae,

155 1726 194 1757 V.
220 1725 316 1763 Virgo
343 1731 450 1754 carens
476 1722 596 1763 fraude,

270 1770 386 1801 celebri
411 1769 592 1809 dignissima
616 1767 718 1799 laude.

893 1516 1058 1555 Christum,
1086 1518 1241 1547 castarum

938 1563 1030 1594 decus
1052 1564 1083 1593 et
1105 1563 1244 1593 tutamen
1273 1570 1388 1601 earum,

890 1609 1020 1648 Semper
1043 1609 1206 1640 adoremus

937 1659 968 1686 et
990 1658 1093 1686 mente
1117 1655 1170 1694 pia
1191 1655 1370 1693 jubilemus.

957 1803 1001 1835 In
1028 1803 1057 1835 1.
1083 1802 1308 1834 Nocturno.

343 1908 388 1935 Ad
405 1906 583 1942 Magnificat.
1035 1885 1225 1920 Antiphonae.

836 1954 866 1986 1.
892 1953 1041 1985 Praedita
1063 1953 1151 1991 virgo
1178 1951 1278 1990 bonis,

937 2007 1084 2037 praesens
1104 2007 1163 2037 per
1187 1998 1308 2038 singula
1338 1998 1436 2037 donis,

890 2046 1032 2077 Moribus
1055 2048 1234 2084 augmentat

154 1988 194 2020 A.
222 1987 317 2026 Virgo
341 1983 516 2025 magnifica,

267 2033 410 2072 simplex,
437 2031 614 2071 praecauta,
641 2028 767 2067 pudica,

219 2080 346 2112 Pallens
370 2081 401 2110 et
424 2086 540 2116 macra,

267 2126 390 2165 devota,
415 2125 565 2165 theorica,
591 2130 690 2162 sacra,

217 2173 335 2205 Mentis
359 2174 434 2204 tunc
454 2170 555 2210 jubilo

263 2220 340 2260 Jugi,
366 2228 447 2251 nunc
470 2217 557 2258 pacis
581 2216 669 2256 asylo

220 2268 396 2306 Perpetuac
420 2265 544 2306 fruitur,

264 2316 298 2347 in
322 2322 382 2354 quo
407 2313 546 2353 gaudens
569 2310 738 2343 stabilitur.

938 2100 1004 2123 eam
1027 2090 1259 2130 perfectamque
1278 2093 1435 2130 parentat.

859 2192 865 2199 .
889 2167 982 2198 Mens
1006 2167 1039 2197 in
1063 2165 1185 2197 sublimi

936 2222 993 2244 sua
1016 2211 1102 2244 floris
1127 2215 1267 2252 tempore
1290 2213 1383 2253 primi

892 2261 1047 2292 Virtutum
1071 2260 1179 2299 plenas

935 2316 1014 2347 pure
1036 2307 1216 2340 moderatur
1238 2307 1385 2339 habenas.
