1679 2491
699 74 951 109 —209—

211 169 242 201 3.
267 167 361 199 Miles
387 170 419 198 et
442 168 523 199 alme
546 170 645 209 pater,
878 169 908 201 5.
933 166 991 207 Qui
1017 175 1083 198 cum
1108 166 1222 198 sanctis
1248 163 1387 196 omnibus

314 214 481 253 Osmuude,
499 214 559 246 Dei
576 216 677 255 gregis
694 217 810 259 auctor,
979 222 1089 253 regnas
1113 220 1203 252 nunc,
1230 211 1395 251 Osmunde,

269 260 391 292 Christo
416 259 514 293 funde
538 269 659 302 preces,
936 260 998 292 Pro
1023 259 1111 292 nobis
1136 257 1294 291 orantibus

315 309 347 338 et
369 309 492 338 nostras
513 307 606 339 ablue
630 308 746 349 culpas,
980 315 1090 347 preces
1111 306 1178 338 Deo
1202 304 1307 339 funde.

202 354 241 386 V.
266 354 313 386 Ut
334 362 391 384 nos
415 354 499 385 vitae
522 355 629 386 sedem

313 400 470 432 valeamus
494 400 647 432 scandere
669 402 792 433 celsam.
1049 383 1094 411 Ad
1113 383 1291 411 Benedictus.

869 438 909 470 A.
933 436 1123 469 Prudentem
1147 444 1271 467 servum

362 485 407 516 In
431 483 657 517 Laudibus.
984 485 1016 513 te
1041 484 1161 514 constat
1184 484 1214 512 et
1238 489 1306 512 esse
1328 480 1461 521 fidelem,

411 538 601 575 Antiphonae.
936 529 1030 567 Quem
1053 528 1139 560 Deus
1161 528 1194 559 in
1218 528 1341 567 plebem

213 587 242 617 1.
268 585 330 617 Hic
355 586 529 618 Osmundus
554 585 670 626 refugit,
979 574 1132 615 praefecit
1152 574 1224 613 jure
1246 574 1432 614 regendam

315 633 472 672 regnantis
497 632 654 671 honorem,
935 622 1023 653 ΤΠΠΟ
1046 619 1263 672 tritico-verbi
1310 667 1316 673 ¹
1371 667 1378 673 ·

268 678 329 709 Dei
354 679 462 710 domus
482 679 599 718 eligens
978 676 1091 700 vacuas
1115 676 1232 699 ammas
1258 669 1389 710 sa‘uasti,

313 724 474 764 praeferre
500 725 652 757 decorem.
934 713 1026 745 NUUG
1048 714 1203 745 hominem
1226 716 1324 744 totum

210 782 240 813 2·
266 779 397 812 Sanctus
420 780 481 811 iste
505 780 625 811 stabilis
980 768 1021 791 ne
1044 768 1146 791 cesses
1170 759 1305 791 reddere
1328 768 1445 791 sanum.

311 827 343 858 in
368 825 561 858 confessione

267 872 445 904 Mercedem
469 872 640 912 promeruit
1001 860 1046 892 In
1072 861 1102 893 2·
1128 861 1342 899 Vesperi&

315 919 457 951 coelestis
483 927 623 950 coronae.
1052 924 1097 951 Ad
1113 923 1291 958 Magnificat.

209 976 238 1007 3·
267 974 313 1006 Ob
340 974 433 1005 decus
458 974 607 1027 &POQeSiQe
865 983 905 1015 A.
931 981 1032 1020 Salve,
1059 981 1259 1012 celeberrime

311 1021 441 1052 mustum
465 1021 617 1061 Vlgflalsst,
978 1028 1072 1059 Pater
1097 1027 1289 1066 clericorum,

267 1067 368 1098 Deum
392 1067 490 1099 solum
514 1067 622 1119 &tien-S
932 1074 1088 1106 Osmunde
1111 1074 1315 1115 sanctissime,

313 1122 437 1145 carnem
464 1117 642 1153 macerstV1t‚
977 1121 1096 1152 Lumen
1120 1118 1338 1158 confessorum,

209 1171 241 1201 4.
266 1169 440 1201 Benedicta
461 1169 618 1207 Venstria,
932 1167 1011 1198 Dele
1034 1170 1096 1198 tuis
1119 1166 1265 1205 precibus

312 1216 405 1247 talem
431 1215 565 1247 fundans
588 1215 720 1253 domum,
980 1214 1165 1253 Perpetrata
1188 1213 1278 1252 male,

269 1262 293 1294 O
319 1271 410 1302 quam
434 1260 512 1292 felix
536 1261 659 1300 Anglia,
931 1260 1055 1291 Memor
1075 1260 1109 1290 in
1135 1259 1318 1291 coelestibus

311 1309 394 1339 hunc
417 1308 533 1339 habens
557 1309 731 1346 patronum.
978 1306 1087 1338 Nostri
1111 1314 1233 1344 semper
1256 1306 1336 1337 vale.

293 1362 377 1389 Brev.
403 1370 458 1389 sec.
486 1370 569 1389 usum
595 1360 698 1388 Sarum
723 1362 791 1395 imp.
817 1361 940 1388 Parisiis
967 1358 1046 1388 1494.
1073 1373 1110 1378 -—
1135 1360 1171 1386 In
1198 1358 1222 1386 1.
1248 1359 1330 1387 Nost.
1357 1358 1379 1386 Α
1404 1358 1435 1394 2,
1463 1359 1477 1387 1

199 1399 375 1427 Adolescens
395 1399 511 1435 profuit.
532 1413 566 1418 —
586 1398 618 1426 In
639 1397 665 1425 2.
685 1398 766 1425 Noct.
788 1396 808 1423 R
829 1395 854 1430 2,
875 1395 893 1425 3
912 1397 1075 1425 immortali.

630 1488 670 1520 81.
708 1488 751 1519 De
770 1488 873 1519 sancto
894 1487 1044 1519 oswaldo.

335 1559 379 1591 In
408 1559 436 1591 1.
463 1558 673 1597 Vesperis.
993 1557 1039 1590 In
1066 1558 1094 1590 1,
1121 1556 1344 1588 Nocturno.

383 1618 427 1645 Ad
446 1616 622 1653 Magnificat.
1076 1629 1269 1663 Antiphonae.

198 1662 238 1694 A.
265 1660 409 1692 Gloriose
432 1669 489 1693 rex
513 1660 665 1700 oswalde,

262 1707 345 1739 Vota
369 1708 490 1747 damus,
514 1709 549 1737 tu
571 1708 708 1747 attende,

262 1754 322 1786 Tui
347 1763 460 1793 sumUS,
486 1762 681 1793 recognosce,

262 1801 398 1833 Mortem
425 1799 522 1840 aufer,
549 1801 644 1831 vitam
668 1808 771 1839 posce.

264 1847 342 1887 Ave,
369 1847 524 1886 quondam
549 1855 604 1877 rex
623 1846 805 1886 Anglorum,

264 1893 356 1925 Nunc
382 1894 527 1925 cohaeres
552 1893 747 1934 augelomm3
876 1902 907 1932 2,
934 1899 1091 1932 Nobiliter
1114 1903 1231 1940 natum,

878 1688 908 1719 1.
935 1687 1122 1726 Oswaldum,
1148 1694 1277 1726 puerum

975 1734 1067 1773 longo
1093 1733 1132 1764 de
1156 1733 1305 1772 sanguine
1328 1741 1446 1772 regum,

934 1779 1076 1811 Christus
1100 1780 1273 1819 adoptavit,

979 1826 1205 1858 Nerthumbria
1224 1835 1294 1857 cum
1309 1826 1477 1866 generavit.

267 1941 363 1993 1³12}OE
387 1940 477 1992 nobi-S
502 1948 604 1991 1ᾭὲοω
629 1941 724 1978 tuum,
981 1955 1058 1979 nece
1080 1956 1153 1979 mox
1174 1947 1274 1986 patris
1292 1947 1476 1986 exsiliatum,

264 1987 323 2026 Qui
347 1990 380 2019 te
404 1986 481 2018 fecit.
504 1995 603 2018 civem
626 1995 725 2018 suum.
932 1993 1038 2026 Scotia
1060 1993 1207 2034 SUSOEpst,

328 2062 358 2094 A
368 2061 387 2093 d
411 2061 676 2094 Mntutinum·
976 2041 1021 2073 ibi
1047 2040 1202 2074 Christum
1220 2041 1340 2072 discere
1357 2042 1468 2081 coepit.

395 2121 608 2149 Invitatorium.
878 2117 908 2149 3.
934 2115 1065 2155 Jamque
1088 2125 1166 2156 puer
1189 2125 1295 2157 purus,

264 2165 344 2203 Spes
369 2165 479 2204 quibus
504 2166 552 2196 est
576 2164 668 2203 vitae,
979 2163 1055 2195 fidei
1078 2166 1169 2204 petra
1191 2162 1282 2195 firma
1305 2162 1438 2203 futurus,

307 2212 440 2244 Domino
462 2211 600 2250 jubilare
623 2211 737 2250 venite,
931 2209 1115 2242 Barbariem
1137 2211 1256 2251 sprevit

260 2259 413 2291 Reddidit
443 2258 586 2291 Oswaldo
978 2258 1152 2297 studiisque
1174 2258 1235 2298 piis
1260 2258 1407 2290 adolevit.

306 2307 359 2346 qui
383 2315 479 2346 regna
501 2305 653 2346 perennia
676 2307 793 2338 sancte.

248 2366 373 2391 Dreves‚
387 2365 508 2389 Historiae
521 2363 674 2392 rhythmicae.
702 2362 734 2385 11.
1272 2358 1307 2388 14
