1656 2491
743 67 998 102 -258—

249 173 278 203 3.
304 172 369 203 Iste
393 170 515 201 sanetus
539 165 731 199 venerandus

353 219 399 246 est
421 217 452 246 in
475 214 579 245 multis
599 211 752 249 laudum,

304 263 379 294 Tam
404 261 506 292 multis
528 258 743 291 miraculorum

349 308 488 347 proditus
511 303 672 345 prodigiis,

303 353 397 393 Lapis
420 352 505 385 vims
529 351 573 381 sic
596 351 730 381 insertus

348 398 407 431 Dei
431 396 579 434 aedificio,

304 446 395 477 Velut
418 451 542 482 magnes
567 440 684 472 ferrum
715 439 840 469 trahens

350 490 400 530 qui
424 490 469 520 sic
494 490 617 519 cunctos
641 486 765 517 trahere

305 535 468 567 Nitebatur
492 535 533 565 ad
556 542 599 572 se,
623 534 659 562 ut
675 532 732 563 hos

350 581 470 613 Christo
492 578 697 619 lucrifaceret,

240 629 276 660 V.
301 628 348 660 Ut
368 628 415 658 sol
436 626 492 658 ille
513 625 664 657 rutilabat

349 673 495 704 virtutum
518 679 575 711 per
599 678 702 711 opera,

305 719 413 751 Radiis
439 718 596 750 doctrinae
620 723 726 747 sacrae

350 765 480 804 populos
502 764 687 794 illuminans.

414 837 474 868 Ad
497 837 668 868 Laudes,

446 891 552 925 Antiph
555 898 633 917 onae.

255 941 281 971 1.
307 939 363 970 Vir
386 938 516 969 illustris
539 937 700 968 Valaricus

351 984 402 1023 pio
426 992 548 1022 semper
571 991 665 1022 opere

305 1030 354 1061 De
375 1031 487 1061 virtute
508 1030 540 1060 in
564 1029 709 1060 virtutem

351 1077 469 1107 studuit
489 1073 648 1113 proficere.

250 1129 281 1161 2,
306 1126 350 1158 Ut
370 1125 470 1157 fidelis
495 1128 586 1164 atque
609 1126 755 1167 prudens,

352 1180 438 1211 quem
463 1171 547 1202 Deus
571 1174 731 1211 statuerat,

305 1218 525 1249 Monachorum
549 1218 630 1248 rexit
650 1220 739 1256 pater

350 1264 500 1304 insignem
520 1262 676 1295 familiam.

251 1317 282 1347 3.
306 1315 382 1346 Tam
405 1315 565 1346 honestum
588 1315 671 1345 vitae
695 1322 818 1345 cursum

350 1360 433 1399 Egit,
460 1360 531 1390 dum
557 1360 727 1399 adviveret,

305 1406 351 1438 Ut
373 1406 546 1445 exemplum
570 1406 722 1438 castitatis

351 1461 453 1484 omnes
477 1453 510 1483 in
533 1460 566 1484 se
591 1454 746 1492 caperent.

251 1510 281 1540 4.
307 1507 434 1545 Semper
456 1507 556 1539 Deum
579 1507 765 1538 benedicens

351 1553 514 1585 laborabat
532 1553 623 1585 labiis

965 159 1074 198 Neque
1097 165 1203 189 somno
1229 154 1427 195 acquiescens

1011 207 1066 236 aut
1088 203 1246 235 sumendis
1269 201 1378 241 epulis.

929 285 936 291 .
963 260 1101 293 Laudem
1123 258 1190 290 Deo
1216 256 1383 288 decantare

1008 306 1053 337 ita
1074 304 1259 344 regulariter

963 351 1164 390 Providebat,
1187 353 1222 381 ut.
1245 358 1332 381 mens
1357 347 1426 380 voci

1011 398 1214 429 concordaret
1236 396 1364 434 paritor.

1082 469 1127 496 Ad
1147 468 1325 496 Benedictus.

929 543 936 550 .
962 518 1088 550 Almum
1112 517 1193 548 diem
1218 515 1409 547 celebrantes

1006 563 1067 595 viri
1090 566 1153 595 tam
1181 561 1369 594 sanctissimi

964 610 1070 649 Ipsum
1093 608 1183 641 nobis
1206 610 1395 649 invocemus,

1010 659 1046 687 ut
1070 656 1135 694 eJus
1160 654 1314 693 suffragiis

964 702 1141 734 Mereamur
1164 701 1300 732 absoluti

1013 750 1173 787 culparum
1193 746 1319 786 flagitiis

968 795 1060 827 Coelo
1084 793 1154 831 frui,
1180 802 1241 832 quo
1266 792 1462 831 conjunctum

1012 849 1213 880 supernorum
1239 839 1357 871 civibus

967 887 1136 919 Exsultare
1160 894 1228 916 eum
1252 884 1329 916 facit

1016 933 1197 964 benedictus
1221 931 1382 963 Dominus,

1032 1025 1082 1056 In
1108 1026 1138 1057 2.
1162 1023 1371 1062 Vesperis.

1087 1087 1133 1114 Ad
1151 1086 1325 1123 Magnificat.

936 1166 941 1173 .
968 1139 991 1172 Ο
1017 1137 1175 1171 confessor
1199 1139 1343 1179 gloriose,

1013 1194 1102 1224 quem
1127 1186 1211 1217 Deus
1233 1183 1433 1225 magnificans

964 1231 1140 1264 illustravit
1162 1232 1220 1263 sub
1243 1232 1305 1262 hae
1328 1239 1432 1269 earne,

1013 1278 1144 1309 diversis
1173 1278 1372 1318 languoribus

963 1323 1008 1356 Ut
1032 1332 1196 1363 oppressos
1221 1324 1394 1363 expedire-s,

1012 1370 1152 1401 obsessos
1179 1371 1359 1408 daemoniiS,

967 1416 1051 1447 Audi
1073 1424 1192 1455 preces,
1219 1416 1272 1456 qui
1294 1420 1326 1447 te
1351 1417 1465 1457 colunt,

1011 1470 1069 1500 per
1091 1464 1123 1492 te
1146 1463 1230 1500 apud
1250 1462 1416 1493 Dominum

966 1507 1012 1540 Ut
1026 1508 1202 1547 impetrent,
1229 1508 1311 1547 quod
1329 1511 1508 1547 exposcunt,

1016 1554 1148 1585 coeleste
1172 1554 1353 1585 subsidium.

315 1617 395 1644 Brev.
421 1625 472 1644 ms.
500 1616 691 1643 Laudunense
716 1624 788 1643 saee.
818 1614 860 1642 14.
882 1615 949 1642 Cod.
968 1616 1135 1643 Laudunen.
1156 1614 1218 1643 257.
1237 1616 1271 1643 A.
1293 1632 1330 1636 —
1349 1617 1431 1643 Brev.
1459 1625 1509 1643 ms.

242 1653 429 1681 Laudunense
448 1661 520 1680 saec.
534 1651 576 1681 14.
597 1653 662 1680 Cod.
673 1651 839 1680 Laudun'en.
851 1651 913 1680 259.
924 1654 955 1680 B.
971 1667 1006 1671 —
1019 1654 1101 1680 Brev.
1112 1662 1163 1680 ms.
1176 1653 1366 1681 Laudunense
1380 1661 1452 1681 saec.
1466 1653 1508 1680 15.

245 1690 311 1718 Coa.
330 1690 494 1717 Laudunen.
516 1687 578 1717 258.
600 1690 629 1717 O.
655 1704 691 1708 —
716 1689 798 1717 Brev.
820 1698 871 1716 ms.
891 1690 1081 1717 Laudunense
1100 1698 1173 1718 saec.
1196 1689 1238 1718 15.
1270 1690 1336 1718 cod.
1357 1691 1510 1717 Pianoren.

242 1728 272 1754 M
293 1725 336 1753 91.
356 1728 391 1755 D.
418 1742 452 1745 —
476 1728 511 1754 In
532 1726 555 1754 1.
574 1728 631 1754 Ves
654 1747 659 1752 .
685 1727 730 1754 Ad
748 1727 843 1764 Magn.
864 1726 900 1761 Α,
929 1725 943 1753 1
971 1730 1099 1755 ostensus
1120 1728 1154 1754 A.
1182 1742 1219 1746 —
1243 1728 1279 1755 In
1300 1726 1324 1754 1.
1343 1728 1426 1755 Noet.
1447 1728 1511 1755 sind

244 1765 299 1792 alle
325 1762 367 1789 RB
394 1764 552 1799 pmsaisch,
579 1766 611 1790 in
655 1785 661 1790 .
680 1765 762 1792 Noet.
788 1764 845 1792 alle
867 1765 913 1791 bis
940 1765 989 1791 auf
1013 1766 1099 1792 eines.
1125 1780 1162 1784 —
1186 1765 1222 1792 111
1243 1762 1271 1792 9..
1289 1765 1373 1793 Noet.
1398 1764 1421 1791 Α
1449 1763 1475 1800 1,
1495 1764 1512 1792 5

245 1802 411 1828 nominatim
429 1802 464 1828 A.
485 1816 518 1819 —
538 1802 573 1829 In
592 1799 618 1829 3.
638 1801 719 1829 Noet.
741 1799 761 1826 Β
781 1800 807 1836 2,
830 1799 862 1828 11
884 1801 970 1835 Cujus
989 1802 1023 1829 A.

597 1881 641 1912 99.
679 1881 721 1912 De
740 1889 763 1911 s.
782 1881 941 1913 Wilhelmo
960 1881 1155 1913 Eboracensi.

379 1940 425 1971 In
449 1941 480 1972 1.
504 1941 715 1979 VesperiS.

450 2004 640 2037 Antiphonae.

255 2051 284 2081 1.
310 2049 346 2080 Iu
369 2049 529 2082 Wilhelmi
552 2051 695 2083 laudibus

355 2096 456 2127 Laxet
480 2097 579 2128 clerus
602 2098 680 2140 lora,

312 2140 358 2172 Sit
381 2142 414 2173 in
437 2143 568 2182 hymnis,
595 2144 721 2176 canticis

357 2188 461 2220 concio
486 2189 606 2222 decora.

254 2245 284 2275 2.
310 2243 383 2274 Pius
405 2248 495 2281 pater
517 2245 610 2276 hodie

360 2291 398 2322 de
420 2290 480 2321 hac
503 2292 584 2322 vane
607 2291 697 2323 fietus

970 1942 1023 1974 Ad
1047 1951 1213 1981 supernum
1235 1943 1346 1974 solium

1018 1988 1091 2020 Sion
1116 1989 1228 2021 transit
1251 1989 1362 2021 laetus.

915 2050 945 2081 3.
972 2049 1132 2087 Quondam
1155 2048 1377 2089 thesaurarius

1014 2096 1078 2134 jam
1102 2096 1264 2128 thesaurus
1290 2095 1376 2136 cleri,

971 2141 1068 2173 Dedit
1091 2150 1176 2181 opes,
1201 2142 1316 2173 medici

1015 2196 1098 2219 nunc
1122 2188 1178 2219 dat
1200 2197 1290 2227 opem
1314 2190 1391 2223 veri.

915 2249 946 2279 4.
973 2248 1099 2281 coelum
1123 2249 1222 2279 solum
1246 2249 1365 2289 sitiens,

1017 2303 1108 2333 gazas
1134 2294 1250 2327 Christi
1273 2297 1374 2339 mileS,
