1656 2491
731 25 985 60 -184—

288 125 420 158 Refovet
444 128 475 156 et
498 123 608 162 induit,

292 173 354 204 Sed
377 172 502 204 indutus
526 170 564 201 ab
588 169 686 208 ipsius

293 219 465 258 Conspectu
490 216 621 248 evanuit.

229 266 264 298 V.
288 265 408 296 Beatus
425 262 480 302 qui
495 260 639 301 iutelliqit
654 268 748 299 snper
764 268 829 298 eyc-

291 320 370 342 omm
386 313 415 341 et
427 316 608 348 pauperem,
625 307 661 337 in
678 306 727 337 (Zia
742 305 832 336 mala

292 356 433 388 liberabit
457 364 527 386 cum
548 353 717 385 Dominus.

238 428 268 459 ,ἰῦ

294 427 369 457 Viro
394 426 498 455 sancto
522 425 612 455 nocte
636 422 767 461 quadam

292 471 454 503 Recitante
479 469 634 501 homiliam

296 518 356 548 Per
380 516 480 547 lumen
505 515 643 554 interius,

295 563 381 602 Quod
405 563 587 593 exstinctum
611 561 697 599 prius
723 561 798 597 erat,

295 608 434 640 Accendi
461 608 493 638 in
517 616 609 638 manu
634 607 698 645 ejus

293 655 399 685 Visum
425 656 471 685 est
494 662 512 684 a
536 652 695 684 fratribus.

235 702 272 733 V.
297 699 459 732 mirabilis
474 699 562 731 ‚Deus
586 698 620 729 iaz
637 697 754 730 sanctis
769 697 836 728 suis

299 749 327 778 et
346 746 501 785 gloriosus
525 745 560 776 in
585 745 726 784 operibus
750 742 828 775 suis.

248 817 279 848 3.
306 814 433 846 Gemma
457 814 541 844 clara
564 812 780 846 confessorum.

304 860 421 892 Norma
444 860 561 900 gregis
589 857 688 890 forma
710 867 838 895 morum,

305 906 365 937 Pro
390 896 489 936 salute
513 906 692 936 devotorum

302 951 413 982 Funde
436 959 543 990 preces
567 950 760 981 famulorum.

241 997 277 1029 V.
303 998 376 1029 ,Non
408 997 525 1028 recedet
547 996 700 1028 memoria
724 999 789 1036 tua,
817 997 844 1026 et

303 1052 418 1074 nomen
442 1045 531 1074 tuum
553 1042 728 1081 requiretur
752 1050 773 1071 a
793 1050 830 1080 {se

304 1088 467 1120 iteratione
488 1088 522 1119 in
543 1088 783 1127 ‚qenerationcm

400 1198 443 1229 In
459 1197 677 1229 Laudibus

448 1270 636 1305 Antiphonae.

252 1327 282 1360 1.
308 1327 359 1359 Ad
384 1327 505 1358 laudem
530 1326 655 1357 Domini

358 1375 463 1403 cantus
488 1374 668 1411 promantur
684 1374 715 1403 et
728 1372 845 1410 hymni,

312 1418 368 1457 Qui
391 1418 501 1449 tribuit
523 1420 629 1449 sancto

353 1465 500 1495 virtutum
526 1464 606 1495 dona.
628 1463 757 1495 Ketillo.

250 1531 280 1561 2.
307 1530 364 1566 Qui
387 1528 481 1560 variis
504 1527 639 1560 renitens

355 1574 442 1606 donis
467 1574 621 1614 signisque
644 1573 800 1613 refulgens

310 1620 458 1652 Restituit
480 1621 578 1651 visum

359 1666 473 1705 caecis,
516 1666 633 1698 claudis
672 1674 791 1704 quoque

628 1720 773 1751 gressum.

892 120 922 152 3.
950 119 1066 151 Surdos
1091 125 1128 149 ac
1151 118 1263 155 mutos,

994 174 1014 196 a
1035 165 1125 203 lepra
1150 163 1387 194 commaculatos

950 211 1048 243 Sanos
1072 209 1230 242 reddebat

1000 259 1031 288 ct
1054 264 1144 295 opem
1167 256 1273 287 multis
1298 253 1462 286 tribuebat.

897 334 928 364 4.
954 331 1037 371 Ergo
1061 330 1162 362 Dcum
1187 330 1265 361 caeli

1001 376 1176 408 benedicite
1201 376 1296 407 corde
1320 373 1407 406 fidcli

955 424 1058 463 Atque
1082 422 1166 461 pium
1191 430 1315 454 servum

1002 467 1163 500 facientem
1191 468 1279 507 signa
1302 475 1360 505 per
1383 466 1478 499 illum.

903 547 933 577 5.
960 544 1053 583 Cujus
1078 545 1144 573 erat
1167 543 1234 573 vita

1001 598 1120 620 morum
1143 587 1233 620 radio
1257 587 1414 626 redimita,

958 636 1035 674 Ejus
1058 643 1141 666 nuuc
1163 642 1261 674 opera

1005 683 1109 712 lucent.
1131 682 1248 712 virtute
1270 678 1397 711 referta.

1080 781 1125 808 Ad
1144 780 1323 808 Benedictus.

896 850 934 879 A.
960 847 1129 879 Exsultans
1155 846 1277 878 celebra

1008 893 1161 925 melodum
1185 893 1279 924 laude
1305 900 1418 924 canora.

965 939 1061 972 Sacra
1083 940 1182 977 patris
1206 940 1305 970 nostri

1008 986 1171 1025 votivaque
1195 984 1276 1016 festa
1297 985 1419 1023 Ketilli,

965 1031 1049 1063 Hinc
1073 1039 1162 1069 quenl
1186 1030 1340 1062 sublatum

1010 1076 1131 1108 felicius
1156 1079 1186 1108 et
1210 1078 1358 1109 sociatum

964 1123 1110 1156 coetibus
1133 1123 1279 1162 angelicis

1010 1171 1176 1201 veneratur
1199 1172 1302 1200 turma
1324 1168 1436 1202 fidelis,

1034 1307 1081 1338 In
1104 1309 1134 1340 2.
1159 1307 1371 1346 Vesperis.

1085 1379 1129 1407 Ad
1148 1380 1323 1416 Magnificat-

906 1438 945 1469 A.
970 1437 1077 1476 Magni
1101 1436 1264 1477 magnifice

1011 1483 1092 1522 regis
1118 1483 1196 1514 bone
1219 1482 1342 1522 fideque
1366 1491 1466 1520 servo,

968 1529 1145 1567 Introgredi
1171 1528 1287 1561 Christi

1016 1575 1067 1614 qui
1091 1575 1204 1613 gaudia
1226 1575 1434 1614 promeruisti,

969 1621 1029 1652 Pro
1050 1620 1139 1652 nobis
1164 1630 1227 1660 ora,

1015 1675 1073 1706 quo
1098 1668 1313 1705 perveniamus
1335 1668 1375 1698 ad
1400 1667 1465 1699 illa.

320 1795 402 1822 Bxfflev
428 1794 634 1822 Roschildense
657 1794 725 1830 imp.
752 1794 872 1821 Parisiis
900 1792 979 1821 1517.
1006 1795 1040 1821 A.
1065 1810 1102 1814 —-
1126 1795 1211 1822 Brev.
1231 1795 1425 1824 Aarhusiense
1446 1798 1515 1832 imp.

248 1833 408 1860 Aarhusiae
430 1829 508 1858 1519.
528 1832 560 1858 Β.
580 1847 616 1851 —
634 1831 717 1858 Brev
736 1831 888 1858 Lundense
906 1833 973 1867 imp.
989 1831 1111 1859 Parisiis
1133 1830 1212 1859 1517.
1228 1831 1257 1860 C.
1276 1848 1315 1852 —
1332 1833 1368 1861 In
1389 1832 1413 1861 1.
1427 1834 1514 1869 Vesp.

248 1867 269 1895 Α
298 1868 329 1901 2,
357 1867 374 1896 5
394 1868 467 1896 Nam
492 1869 596 1895 meunt
612 1868 668 1895 BG.
689 1882 723 1887 -—
743 1868 766 1894 Α
785 1869 818 1902 3,
850 1866 863 1895 1
889 1877 923 1896 ac
947 1868 1069 1904 pludens
1089 1869 1120 1896 B.

321 1915 343 1942 C
363 1916 415 1942 hat
432 1915 505 1942 noch
524 1915 669 1949 folgendes
690 1912 725 1940 Β.

502 1951 659 1987 Splendida
676 1960 788 1987 gemma
805 1955 924 1988 patrum,
945 1953 1051 1980 virtute
1069 1954 1164 1980 nitens
1183 1954 1357 1988 meritoriu‘n,

503 1988 623 2024 Suscipe
641 1997 786 2017 servorum
804 1991 855 2025 pia
871 1991 941 2017 vota
958 1997 1114 2025 precesque
1132 1993 1246 2018 tuorum

450 2026 483 2052 V.
503 2025 543 2053 Et
560 2034 643 2061 prece
661 2026 703 2053 fer
721 2026 804 2054 nobis
824 2028 936 2054 veniam
957 2028 1121 2061 peccamine
1139 2028 1237 2063 lapsis.

321 2073 355 2100 111
376 2071 400 2099 1.
419 2072 500 2099 Noct.
521 2070 541 2097 R
564 2070 636 2105 1,1
658 2072 742 2100 Ortus
764 2082 798 2100 ex
816 2073 885 2100 illus
887 2074 924 2101 tri
943 2074 1079 2109 prosapia
1098 2073 1128 2101 C.
1148 2087 1185 2093 —
1203 2075 1240 2102 In
1258 2073 1283 2102 3.
1304 2076 1386 2103 Noet.
1408 2075 1430 2102 Α
1454 2076 1478 2112 1,
1500 2077 1520 2105 4

249 2111 295 2137 fae
318 2111 422 2137 sociari
443 2110 478 2145 (ἐς
504 2111 550 2137 fae
573 2110 645 2137 fehlt
663 2110 696 2137 A.
715 2125 752 2130 —
773 2109 792 2135 R
819 2108 849 2141 3,
879 2109 893 2137 1
914 2111 993 2138 clara
1012 2111 1191 2139 sacerdotum
1210 2112 1242 2139 Β,
1263 2127 1299 2132 —
1318 2113 1362 2141 Ad
1381 2113 1474 2143 Laud.
1495 2114 1517 2140 Α

250 2145 311 2179 1,1
329 2147 373 2173 Ad
390 2146 490 2174 laudes
508 2148 540 2175 B.
554 2147 645 2182 ——HJ
644 2156 748 2175 mnen:
770 2148 814 2175 Ad
826 2149 911 2183 Vesp.
919 2148 1116 2176 :Alternatim
1136 2152 1238 2177 sonent
1249 2158 1348 2185 voccs;
1370 2151 1405 2179 ad
1418 2152 1519 2180 Noct.·
1513 2174 1519 2179 .

249 2167 368 2212 &estiva
384 2183 445 2211 dies
464 2184 579 2219 colitur:
601 2156 645 2212 ad³
654 2185 747 2212 Laud:
768 2185 903 2222 Refulget.
921 2185 983 2214 dies
1003 2193 1107 2214 annua
