1656 2491
287 182 467 213 Lacrimosa
489 181 588 212 Deum
611 185 702 216 prece

332 225 504 258 indefessus
528 224 673 264 postulat,

222 273 260 304 V.
285 272 335 303 Ne
360 271 626 311 depopulationem

332 318 415 349 illius
440 316 617 355 conspiciat,

286 363 331 395 Ut
354 362 392 393 ab
415 364 475 393 hac
495 369 529 392 se
550 361 712 390 miseratus

332 409 401 439 luce
420 409 484 446 jam
508 405 647 444 recipiat.

229 483 259 513 4.
286 480 390 511 Tertio
414 479 582 511 obsidionis

332 533 435 556 mense
459 524 547 556 febre
572 524 712 562 decubat,

284 571 429 602 Transitu
453 570 544 601 beato
568 569 691 601 functus

331 617 429 647 laetus
459 616 558 647 coelos
582 618 717 654 superat,

286 661 415 692 Intimus
438 661 497 692 Dei
521 662 636 692 amicus

332 709 399 746 ipso
423 716 505 738 nunc
528 706 708 745 perfruitur,

286 753 380 791 Apud
405 761 494 791 quem
517 753 606 786 uobis
629 756 779 791 patronus

332 806 443 836 perpes
468 799 518 837 sit,
545 799 748 837 deposcimus.

221 843 259 876 V.
282 842 452 875 Debellatis
475 852 694 884 usquequaque

332 890 472 920 veritatis
499 890 638 921 hostibus

287 935 381 966 Miles
404 935 464 966 Dei
489 936 639 975 gloriosus

333 980 538 1020 Triumphans
564 980 716 1013 eximitur.

396 1110 425 1140 A
437 1109 455 1141 d
480 1109 507 1140 L
515 1119 533 1141 a
541 1119 561 1140 u
572 1110 590 1141 d
601 1117 617 1141 e
626 1119 649 1142 s,

432 1181 619 1216 Antiphonae.

233 1247 264 1278 1.
289 1245 421 1277 Domino
444 1247 586 1285 regnanti
610 1254 732 1285 semper

335 1292 503 1330 psallamus
527 1292 718 1331 suppliciter,

291 1336 366 1368 Cum
390 1346 448 1375 quo
470 1338 594 1375 praesul
619 1338 807 1377 Augustinus

334 1386 443 1420 regnat
464 1382 496 1413 in
521 1383 713 1414 coelestibus,

234 1447 263 1477 2.
289 1445 379 1476 Felix
404 1446 538 1484 migrans
562 1447 603 1477 ad
627 1454 761 1485 superna

336 1491 444 1522 doctor
471 1500 603 1522 summus
629 1493 718 1530 ania,

291 1536 433 1568 Introivit
457 1536 487 1567 in
513 1540 679 1576 conspectu

335 1582 395 1613 Dei
420 1590 487 1613 cum
508 1583 636 1614 laetitia.

235 1648 265 1678 3.
292 1646 386 1683 Quem
408 1646 505 1677 sitivit
527 1647 560 1677 in
581 1647 639 1678 hac
662 1650 747 1678 terro.

335 1692 501 1731 Augustini
522 1692 633 1731 anima,

293 1736 428 1769 Satiatur
452 1736 538 1769 fonte
560 1738 644 1770 vitae

337 1792 418 1814 nunc
439 1784 471 1815 in
493 1783 558 1822 poli
581 1785 691 1822 patria.

235 1849 265 1880 4.
291 1847 422 1879 Domino
447 1848 663 1880 benedicamus

337 1894 440 1932 corde,
466 1894 578 1932 verbis,
601 1894 732 1933 actibus,

296 1938 351 1970 Cui
374 1939 531 1970 benedicit
552 1940 584 1970 in
610 1941 702 1971 coelis

336 1985 500 2023 Augustini
523 1986 661 2025 spiritus.

888 174 920 207 5.
944 171 1120 203 Laudemus
1145 171 1357 202 universorum

992 217 1180 248 conditorem
1204 215 1383 252 Dominum,

945 262 1039 301 Cujus
1063 262 1153 293 donis
1176 261 1367 301 Augustinus

991 307 1079 339 fulsit
1102 310 1149 338 tot
1172 307 1349 338 virtutibus.

1060 379 1105 407 Ad
1124 379 1303 407 Benedictus.

881 437 921 470 A.
946 435 1106 467 Laudibus
1128 435 1249 473 magnis
1271 436 1305 464 te
1326 432 1427 464 Deum

991 482 1024 512 in
1047 482 1151 519 magni
1175 478 1331 517 pontificis

946 525 1095 557 Benedici
1121 527 1242 556 constat
1267 524 1392 563 dignum

992 571 1159 611 Augustini
1184 569 1313 608 meritis,

949 616 1042 656 Cujus
1066 616 1242 647 illustratur
1263 616 1372 645 sancta

994 663 1143 694 doctrinis
1166 661 1307 700 ecclesia,

947 708 1012 747 Quo
1036 708 1250 739 intercedente
1275 707 1335 737 duc
1359 714 1415 736 nos

994 754 1035 786 ad
1060 756 1187 785 aeterna
1210 752 1333 792 gaudia,

1013 845 1059 876 111
1083 847 1113 877 2.
1140 845 1247 883 Vesp
1258 844 1352 875 eris.

882 910 921 943 R.
945 908 1072 941 Lucifer
1095 911 1131 939 ut
1155 908 1240 939 coelo

994 955 1074 987 solet
1098 953 1244 993 effulgere
1267 961 1378 984 sereno

948 1002 1035 1032 Inter
1059 1000 1198 1032 sidereas

993 1048 1143 1077 nocturno
1166 1049 1308 1084 tempore
1331 1043 1482 1082 flammas⁷

949 1092 1001 1123 Sic
1023 1091 1213 1131 Augustinus

995 1139 1060 1169 toto
1084 1137 1164 1168 nitet
1184 1136 1260 1167 orbe
1283 1135 1401 1167 beatus.

884 1184 921 1216 V.
946 1183 991 1214 In
1017 1183 1119 1214 medio
1146 1181 1289 1214 ecclesiae
1311 1181 1437 1220 aperuit
1460 1190 1496 1212 os

950 1229 1027 1268 ejus,
1047 1231 1075 1260 et
1090 1227 1232 1269 implevit
1247 1236 1317 1259 eum
1333 1226 1497 1258 Dominus

948 1274 1065 1314 spiritu
1080 1273 1257 1312 sapientiae
1273 1275 1301 1304 ec
1312 1272 1495 1305 intellectus.

1069 1345 1112 1373 Ad
1132 1344 1307 1380 Magnificat.

884 1403 925 1434 A.
949 1401 1130 1441 Augustine,
1154 1402 1256 1432 nitens

999 1448 1158 1478 doctorum
1175 1454 1295 1486 gemma
1305 1455 1363 1485 per
1376 1447 1493 1489 orbem,

952 1492 1061 1524 Clarus
1085 1495 1118 1523 et
1139 1492 1268 1531 reliquis

999 1539 1129 1570 rutilans
1155 1541 1189 1569 ut
1211 1539 1298 1571 sidus
1321 1539 1353 1569 in
1379 1538 1480 1580 astris,

953 1583 1002 1615 Sis
1026 1592 1143 1615 memor
1168 1586 1200 1615 et
1222 1585 1323 1615 salves

997 1630 1104 1669 nostri,
1132 1630 1257 1661 deitatis
1282 1630 1387 1661 amice.

1060 1702 1126 1729 Alia
1146 1703 1318 1737 Antiphone..

954 1758 978 1789 Ο
1003 1759 1109 1797 lingua
1132 1759 1231 1789 sancti
1256 1758 1394 1798 spiritus,

952 1803 1068 1835 Fluens
1092 1805 1252 1836 doctrinae
1274 1804 1436 1844 imbribus,

955 1849 1071 1881 Contra
1095 1859 1233 1881 errorum
1257 1851 1415 1882 machinas

954 1895 1063 1927 Turris
1086 1896 1191 1928 David
1215 1895 1395 1935 fortissima,

955 1941 1054 1973 Nobis
1078 1950 1200 1980 semper
1222 1945 1256 1973 tu
1280 1951 1436 1982 succurre,

953 1988 1045 2018 Alme
1070 1988 1179 2019 doctor
1202 1989 1385 2028 Augustine.

299 2056 415 2092 Antiph.
435 2065 487 2083 ms.
507 2056 890 2088 S.w1a1tialisLemovieen.
911 2067 984 2087 saec.
1006 2057 1048 2088 13.
1080 2060 1303 2089 CorLParisien
1319 2058 1400 2089 1088
1413 2062 1447 2089 Α
1461 2078 1498 2082 ——

227 2095 308 2121 Brev.
328 2102 380 2120 ms.
400 2094 601 2121 Valentinense
622 2096 689 2121 anni
712 2093 790 2123 1420.
821 2096 888 2124 eod.
907 2097 1047 2124 Parisien.
1067 2095 1187 2131 (Arsen.)
1208 2096 1261 2125 105
1279 2098 1312 2125 Β.

299 2130 360 2157 Das
380 2130 496 2160 Brevier
516 2139 571 2158 Ὶ,011
590 2131 715 2159 Valence
734 2133 823 2160 bietet.
845 2134 895 2161 das
916 2132 1046 2161 Officium
1066 2134 1146 2161 nieht
1163 2135 1348 2163 monastiseh.
1387 2136 1429 2164 Es
1450 2137 1498 2164 be-

226 2169 310 2202 ginnt
327 2169 358 2194 in
380 2166 403 2193 1.
423 2168 508 2202 V.esp
527 2168 940 2204 Ac1.31agnif.A:opa1ma
957 2172 1030 2198 mire
1048 2171 1151 2198 florida
1167 2183 1206 2194 ==
1224 2173 1258 2199 In
1278 2170 1304 2199 2.
1324 2174 1407 2201 Noet.
1429 2172 1452 2200 A
1472 2173 1498 2201 6.

226 2204 266 2231 Ε5
290 2204 385 2231 fehlen
410 2205 469 2231 ihm
488 2205 523 2232 In
551 2203 575 2231 1.
594 2206 679 2241 Vesp.
706 2203 742 2239 R;
768 2207 803 2234 In
828 2205 853 2234 2.
873 2208 955 2235 Noct.
976 2206 1022 2233 AA
1042 2206 1074 2241 4,
1101 2208 1126 2241 5,
1150 2206 1169 2234 R
1194 2207 1285 2244 23111
1305 2208 1331 2238 3.
1351 2211 1434 2238 Noct.
1453 2211 1500 2238 Ad

228 2241 308 2268 Cant.
330 2239 361 2274 A,
382 2238 435 2269 RB.
457 2240 485 2274 1,
511 2240 537 2276 2,
557 2240 584 2269 3.
619 2215 671 2270 1np
673 2227 700 2270 2.
720 2244 806 2279 Vesp.
827 2242 848 2270 R
868 2245 926 2272 und
944 2245 1029 2273 beide
1047 2243 1093 2270 ΑΑ
1115 2246 1150 2272 ad
1169 2247 1217 2274 Ma
1219 2247 1288 2283 gnif.
1310 2250 1379 2275 statt
1398 2249 1500 2277 deren:

225 2278 392 2314 August1ne,
416 2287 522 2306 summe
542 2279 639 2307 doctor
658 2283 710 2307 etc
