1679 2491
826 90 871 125 53

272 183 354 216 Nam
378 182 468 214 nobis
492 183 579 216 sidus
604 185 711 224 oritur,

274 230 363 267 Quod
387 229 421 260 in
445 229 574 261 Treveri
598 230 741 271 moritur,

272 277 385 315 Autor,
410 276 537 314 praesul
560 276 678 315 beatus,

271 321 341 354 'Deo
365 321 582 353 auctorisatus.

274 367 331 400 Pie
353 369 445 407 pater
470 370 500 397 et
523 370 666 409 patrone,

275 413 321 446 Te
348 414 460 445 devote
483 413 661 453 rogitamus,

274 460 368 499 Apud
395 459 551 491 Christum
575 459 621 490 sic
646 459 789 500 dispone,

274 505 321 539 Ut
344 505 463 537 coelum
486 505 686 537 introeamus.

345 589 391 620 In
416 591 448 621 2.
474 589 688 628 vesperis,

392 647 484 682 Super
503 647 643 674 Psalmos.

246 724 252 731 .
278 699 393 738 Surgat
414 698 448 728 in
470 697 562 729 nobis
586 698 711 736 caritaS,

277 744 368 775 Nova
391 742 527 782 refulget
551 743 686 782 claritas,

276 789 360 822 Nam
384 792 493 820 auctor
514 788 711 820 hierarchiae

276 835 412 869 coelesti
436 835 578 875 galaxiae

276 884 425 914 Autorem
450 880 671 919 praesentavit,

277 929 316 960 In
337 927 431 959 terris
455 935 547 965 quem
568 926 683 960 beavit.

277 975 302 1006 O
327 975 436 1005 auctor
458 972 569 1004 summi
592 972 724 1012 genem,

277 1019 406 1052 Autoris
427 1019 504 1057 Juva
527 1018 657 1050 mefitis.

1065 185 1110 212 Ad
1128 185 1303 220 Magnifieat.

943 242 969 273 O
993 241 1090 272 mirae
1112 242 1181 279 spei

989 285 1146 325 Pontifex,
1170 288 1281 319 Autor.

944 332 1080 372 Magnae
1103 332 1187 373 fidei,

991 379 1171 410 Nostratum
1196 377 1309 418 fautor,

945 425 1003 463 Qui
1027 425 1226 456 Trevirorum

988 471 1121 502 Praesul
1144 471 1241 509 fuisti,

944 516 989 547 Et
1010 519 1150 548 nostrum
1173 516 1274 548 forum

990 561 1173 601 Visitavisti,

945 608 989 640 Ut
1012 611 1136 639 nostrae
1159 608 1261 639 laudis

991 654 1200 694 Participares

946 699 997 730 Ab
1021 700 1110 730 hoste
1133 698 1254 730 fraudis

989 744 1033 775 Et
1057 744 1246 776 defensares.

943 790 1028 828 Ergo
1052 793 1143 829 pater

989 839 1095 867 noster
1118 837 1287 876 vocaberis,

945 882 1035 921 Veni,
1060 883 1141 920 veni,

990 928 1072 965 veni,
1096 928 1222 966 praesul

946 973 1048 1013 Alme,
1073 976 1181 1012 pastor

990 1018 1072 1050 bone
1094 1020 1285 1053 laudaberis.

285 1083 369 1110 Brev.
388 1090 441 1109 ms.
460 1082 622 1109 Lubicense
638 1080 687 1114 (ol,
707 1079 753 1115 62)
769 1089 844 1108 saec.
865 1080 909 1108 15.
929 1095 964 1100 —
985 1081 1021 1109 In
1041 1081 1066 1109 1,
1085 1083 1171 1117 Ἴρῳ.
1192 1082 1214 1109 Α
1235 1081 1260 1114 2,
1281 1086 1298 1111 ό
1312 1083 1359 1111 Sit
1376 1093 1443 1118 prav
1456 1084 1492 1110 =u1

260 1139 266 1145 .
288 1134 322 1138 ——
344 1120 379 1146 In
398 1118 488 1146 Laud.
510 1117 531 1144 Α
554 1116 578 1152 1,
599 1115 616 1144 2
637 1117 707 1145 Cum
727 1119 788 1145 Deo
808 1117 862 1145 Hs.

552 1207 591 1237 17.
628 1206 672 1237 De
691 1214 714 1236 s.
734 1205 904 1246 Augustino
925 1205 1148 1237 (lautuariensi.

349 1277 394 1308 In
419 1277 449 1308 1.
474 1275 683 1313 Vesperis.

399 1334 445 1361 Ad
463 1332 637 1368 Magnificat.

246 1411 253 1419 .
278 1386 472 1426 Augustinus
494 1394 514 1416 a
537 1384 628 1416 beato

324 1432 453 1464 Electus
478 1430 629 1470 Gregorio

279 1479 392 1511 Juncto
418 1485 522 1509 secum
545 1475 722 1508 venerando

326 1525 509 1556 Sanctorum
535 1523 674 1562 collegio,

280 1572 325 1604 Ut
348 1569 483 1602 fructum
508 1569 606 1601 ferret
629 1568 761 1600 Domino

326 1617 378 1648 Ex
400 1616 574 1656 Anglorum
596 1615 723 1655 populo,

279 1664 371 1695 Nunc
395 1661 495 1702 fulget
517 1664 553 1693 ut
576 1661 623 1693 sol
648 1661 680 1692 in
707 1660 793 1692 coelo

325 1709 428 1741 Lucro
454 1708 672 1746 centuplicato.

346 1797 404 1828 Ad
429 1796 691 1828 Matutinum.

412 1855 625 1881 1nvitatorimn.

279 1909 444 1940 Pastorum
468 1914 586 1939 summo
610 1904 747 1944 principi

324 1953 498 1987 Jubilemus
522 1952 667 1991 Domino,

278 2000 338 2040 Qui
361 2000 487 2031 beatum
513 1997 719 2030 confessorem

323 2046 430 2087 Elegit
449 2045 665 2085 Augustinum.

339 2136 384 2167 In
411 2135 439 2168 1.
466 2133 691 2166 Nocturno.

420 2194 613 2228 Antiphonae.

221 2250 252 2282 1.
278 2248 372 2287 Legis
396 2247 522 2279 divinae

320 2294 371 2326 vir
393 2293 445 2326 hic
468 2291 674 2325 medicamine
698 2289 796 2323 fretus

947 1275 1082 1306 Protulit
1106 1274 1251 1306 eximium

993 1320 1081 1352 verbi
1107 1321 1146 1352 de
1169 1321 1286 1352 semine
1311 1319 1455 1352 fructum.

890 1377 923 1408 2.
947 1376 1121 1414 Anglorum
1144 1376 1269 1415 populis

994 1422 1094 1453 cultor
1119 1421 1243 1453 dicebat
1266 1421 1390 1454 herilis:

944 1467 1110 1499 Deservite
1131 1466 1200 1499 Deo

991 1513 1103 1544 mentis
1126 1513 1234 1544 habitu
1259 1514 1472 1553 tremebundo,

946 1559 1024 1598 Ejus
1045 1559 1184 1598 justifica

991 1613 1032 1637 ne
1059 1605 1233 1645 depereatis
1258 1606 1290 1636 iu
1314 1606 1373 1638 ira.

913 1690 920 1697 .
945 1666 982 1697 In
1001 1668 1137 1697 montem
1159 1665 1287 1697 Domini

991 1712 1111 1751 positus
1134 1713 1243 1752 pastor
1266 1713 1458 1744 reverendus

947 1758 1047 1789 Orans
1070 1766 1128 1797 pro
1152 1758 1276 1797 populis

995 1812 1099 1835 curam
1123 1803 1285 1843 satagebat
1308 1804 1408 1835 ovilis.

915 1888 921 1894 .
947 1864 1137 1902 Augustinus
1162 1863 1207 1893 ait

993 1908 1127 1940 Satanae
1144 1909 1331 1940 cultoribus:
1354 1908 1399 1942 Ut
1416 1909 1492 1949 quid

949 1955 1050 1987 Corde
1073 1955 1161 1994 gravi
1186 1955 1286 1987 colitis

991 2002 1149 2034 hominum
1171 2001 1334 2033 mendacia
1356 2002 1433 2044 nati,

947 2047 1127 2079 Sacrificate
1154 2048 1221 2080 Deo

997 2094 1100 2126 cordis
1124 2095 1272 2126 libamine
1296 2103 1380 2128 vero.

914 2174 921 2182 .
946 2150 1065 2182 Orabat
1087 2153 1212 2182 sanctus

992 2196 1157 2229 Dominum
1163 2206 1220 2236 pro
1228 2197 1322 2237 plebe
1329 2197 1490 2229 sacerdos:

946 2243 1037 2275 Juste
1059 2244 1155 2282 Deus,
1179 2252 1220 2275 ne
1243 2246 1447 2283 permaneant

991 2290 1023 2322 hi
1049 2299 1172 2330 semper
1194 2290 1311 2330 iniqui„
