1674 2492
164 1539 194 1570 'EO

232 182 280 214 Ne
303 183 504 215 scandentem
528 185 698 224 retrahant,

278 230 379 260 calcat
401 232 437 261 ut
460 239 510 261 res
534 230 621 263 viles.

198 308 205 315 .
232 283 267 316 ln
294 284 435 315 doctrina
459 285 591 317 solidum

278 330 379 362 cibum
405 331 460 362 dat
483 333 639 370 provectis

229 376 272 408 Et
293 377 386 408 laetis
411 377 608 409 dulcedinem

275 423 385 454 miscet
405 423 609 463 imperfectis,

349 486 394 514 Ad
412 486 587 524 Magnificat.

228 533 338 566 Nostri
362 535 460 574 patris

274 581 306 611 in
329 581 471 613 natalitio

228 626 341 659 Laetas
365 627 474 659 laudes

276 673 372 706 dictet
399 674 532 713 devotio,

229 718 315 752 Coeli
339 729 444 759 regem

273 766 371 798 lactet
393 767 502 807 oratio,

230 812 275 845 Ut
295 813 462 852 jungamur

275 860 341 897 ejus
367 861 530 892 consortio.

290 943 350 974 Ad
379 943 640 976 Matutinum.

357 1007 569 1035 Invitatorium.

225 1053 399 1088 Jubilemus
424 1063 530 1094 regum
555 1056 631 1095 regi,

224 1101 282 1139 Qui
308 1101 449 1132 concedit
472 1109 528 1133 nos
553 1101 604 1132 hic
627 1102 693 1140 regi

271 1147 330 1178 Per
353 1146 516 1179 Wilhelmi
539 1148 662 1180 merita.

289 1231 331 1262 In
360 1231 388 1263 1.
415 1230 640 1264 Nocturno.

367 1294 559 1330 Antiphonae.

188 1366 194 1372 .
223 1342 316 1374 Ortus
342 1342 418 1373 clari
442 1342 588 1381 germinis

268 1388 350 1419 hunc
373 1388 552 1420 nobilitavit

222 1435 263 1466 Et
289 1435 401 1467 mentis
426 1435 573 1466 nobilitas

267 1489 362 1520 genus
387 1481 563 1520 geminavit.

221 1538 258 1569 In
283 1536 412 1577 agendis
435 1540 588 1577 strenuus,

266 1582 347 1615 fidus
370 1585 401 1614 in
429 1583 607 1624 commissis,

220 1631 272 1662 Ad
299 1639 459 1662 censuram
485 1630 614 1671 rigidus,

265 1676 373 1708 firmus
396 1677 428 1708 in
455 1677 625 1716 promissis.

188 1757 194 1763 .
221 1732 310 1764 Mitis
334 1733 365 1764 in
392 1732 564 1773 consortiis,

265 1778 296 1809 in
322 1779 446 1818 loquela
469 1788 567 1817 rarus,

223 1826 260 1857 In
284 1824 442 1864 responsis
467 1825 627 1865 providus,

265 1872 297 1902 in
324 1880 418 1904 censu
440 1872 631 1910 praeclarus

360 1936 563 1971 Responsoxia.

221 1985 399 2022 voluntate,
427 1984 544 2015 trutina

264 2040 327 2062 non
348 2030 426 2070 legis
452 2032 600 2071 cassatus,

218 2077 329 2111 Virum
352 2086 465 2109 novum
488 2077 590 2109 induit

267 2125 395 2156 coelitus
420 2126 574 2163 mutatus3

216 2171 394 2206 Juventutis
416 2171 528 2210 januas

266 2219 385 2252 claudit
409 2217 551 2258 cassatio,

218 2267 270 2299 Sic
294 2266 408 2297 malum
433 2264 557 2305 saepius

263 2313 337 2344 boni
360 2311 397 2344 fit
421 2312 552 2345 occasio.

775 91 842 125 259
890 111 937 117 —

844 188 874 219 2.
900 185 961 218 Vir
985 187 1026 219 ad
1052 187 1099 217 sui
1123 187 1252 227 gloriam

947 234 1030 265 cedit
1052 233 1217 273 inglorius,

900 279 945 311 Ut
967 280 1117 318 unguenti
1141 280 1298 311 vasculum

944 325 1072 357 mundet
1095 326 1127 356 in
1151 326 1276 366 melius,

833 371 871 402 V.
895 371 1109 403 Lacrimarum
1136 373 1260 404 lavacro

943 418 1083 457 purgatis
1111 419 1252 457 personis

899 462 1065 495 Confertur
1090 464 1238 495 divinitus

942 518 1052 541 munus
1074 510 1239 543 unctionis

840 562 870 592 3.
899 559 1083 592 Laceratum
1109 561 1245 592 exsulem

943 606 1096 638 morsibus
1121 607 1264 646 malignis

896 652 964 684 Nec
987 651 1040 684 fax
1064 653 1150 692 angit
1174 653 1238 684 odii

941 707 999 730 nec
1023 699 1129 730 livoris
1153 698 1252 738 ignis3

833 746 867 778 V.
896 745 1013 776 Probat
1033 745 1117 776 huuc
1134 745 1275 776 exsilium

943 792 1024 822 sicut
1046 791 1143 822 hiems
1167 791 1297 831 laurum,

897 838 933 869 In
958 837 1085 869 fornace
1107 838 1243 876 ponitur,

940 892 1049 923 purum
1076 884 1139 914 exit
1164 892 1282 917 aurum.

959 967 1003 998 In
1029 968 1059 999 2.
1085 967 1141 998 No
1152 969 1308 999 cturno.

1039 1025 1229 1061 Antiphonae.

839 1075 867 1107 1.
894 1073 943 1104 Ne
968 1073 1147 1104 Samsonem
1169 1072 1274 1105 Dalila

939 1118 1035 1151 faciat
1057 1120 1170 1158 perire,

893 1165 957 1197 Hic
982 1174 1105 1197 carnem
1130 1166 1254 1205 spiritui

939 1211 1016 1243 facit
1039 1212 1176 1244 obedire.

835 1266 866 1296 2.
892 1263 1011 1302 Agrum
1034 1263 1146 1294 mentis
1167 1263 1299 1295 seminat

937 1309 1084 1341 sementis
1108 1310 1257 1341 virtutum

892 1355 935 1388 Et
957 1355 1065 1387 mundi
1091 1356 1218 1387 delicias

936 1401 1057 1441 spernit
1080 1403 1167 1434 velut
1189 1402 1298 1435 lutum.

834 1455 864 1486 3.
892 1452 941 1485 Ne
965 1455 1105 1484 recentes
1130 1452 1250 1484 flosculi

935 1500 1084 1531 virtutum
1108 1502 1302 1532 marcescant

889 1545 957 1578 Hos
981 1546 1156 1585 scripturae
1178 1546 1288 1578 rivulis

934 1593 1046 1633 irrigat
1071 1595 1107 1623 ut
1131 1596 1280 1624 crescant.

1031 1653 1152 1688 Respon:
1165 1653 1234 1679 oria.

833 1702 863 1734 1.
890 1700 1006 1732 Factus
1032 1699 1130 1731 Jacob
1153 1700 1262 1739 vigilat

936 1750 1026 1778 extra
1050 1755 1145 1785 super
1169 1755 1302 1786 gregem,

891 1793 958 1825 Nec
982 1794 1083 1824 minus
1107 1792 1236 1823 interius

935 1848 1043 1879 regum
1067 1840 1151 1878 sapit
1173 1847 1289 1882 regem,

824 1888 861 1919 V.
887 1886 1033 1918 Marthae
1057 1886 1227 1917 ministerio

936 1933 1063 1972 copulat
1083 1931 1230 1971 Mariam,

891 1979 1037 2012 Rachelis
1062 1979 1255 2017 amplexibus

936 2025 1050 2057 fruitur
1074 2028 1146 2064 post
1168 2026 1265 2059 Liam.

834 2079 864 2109 2.
890 2076 1027 2117 Fragrat
1050 2077 1128 2108 odor
1151 2080 1304 2117 praesulis

938 2124 1067 2155 Romam
1091 2125 1252 2165 venientis,

891 2170 1035 2204 Occurrit
1058 2169 1248 2210 fragrantiae

936 2218 1025 2257 plebs
1049 2218 1139 2249 unius
1162 2220 1284 2260 mentis,

824 2265 861 2298 V.
886 2265 936 2298 Ex
960 2265 1133 2305 longinquis
1158 2266 1285 2298 veniunt

934 2320 992 2343 nec
1015 2315 1085 2344 sunt
1108 2311 1241 2357 fatigati,

1210 2367 1269 2397 17*

1304 1528 1312 1542 7
