1656 2491
723 73 955 108 -106ν-

251 197 258 203 .
284 171 422 203 Clericus
449 178 575 201 cernens
598 167 739 199 affectum

282 217 415 249 Tantum
437 214 632 254 imperatoris

282 263 339 294 Pia
362 261 485 293 fallacia
510 260 647 297 corporis

281 308 368 339 Sacri
391 306 537 345 reliquias
561 304 691 343 furatur,

282 355 362 390 Quas
385 353 553 390 imperator
575 350 754 388 Arnolphus

282 397 442 429 Germanis
465 395 569 427 invehi
593 395 784 427 collaetatur.

249 475 257 484 .
283 452 388 483 Sancti
409 451 561 489 praesulis
586 450 731 489 reliquias

280 496 423 536 Dionysii
447 496 626 535 Arnolphus

279 544 309 573 A
333 542 436 573 Gallia
458 541 602 572 reductas

280 588 432 626 Tempore
454 588 536 618 vitae
558 596 633 618 suae
658 586 797 617 devotius

279 633 389 665 Secum
412 632 514 664 ferens
534 632 727 672 glorificavit,

281 678 343 710 Sed
366 684 502 710 nostram
526 680 569 709 eis
594 678 754 709 ecclesiam

280 724 418 756 Moriens
442 725 494 763 pie
516 724 725 761 locupletavit.

249 802 257 810 .
280 778 372 809 Felix
396 779 594 817 Areopagita‚

283 824 411 855 Gemma
436 823 585 855 Graeciae
607 823 714 862 polita,

280 869 471 907 Ratisponae
494 870 584 900 modo
607 872 727 907 pausat,

281 915 351 946 Hoc
371 914 550 953 Arnolphus
568 913 681 945 Caesar
704 916 819 947 causat.

249 993 256 999 .
283 969 307 1001 O
333 967 454 1000 felicem
481 968 593 1007 dolum,

282 1015 347 1053 Quo
373 1014 556 1045 Germaniae
579 1015 677 1045 solum

281 1060 379 1091 Tanto
405 1059 549 1090 thesauro
575 1059 735 1097 ditescere,

282 1105 381 1136 Tanto
406 1102 483 1135 flore
505 1105 657 1135 nitescere

279 1150 396 1181 Metuit
420 1158 546 1181 munere
568 1151 702 1189 Augusti

280 1195 433 1227 Fallendo
457 1204 518 1226 non
541 1196 660 1233 injusti.

417 1272 617 1307 Responsoria.

246 1347 253 1354 .
278 1323 416 1354 Primum
439 1323 569 1354 Athenis

324 1368 490 1407 Dionysius
517 1369 628 1405 docuit,

280 1413 409 1443 Demum
435 1413 580 1455 Parisius,
605 1415 671 1445 11110
693 1418 812 1454 martyr

324 1458 440 1489 ibidem
463 1459 626 1497 deponitur

280 1503 324 1534 Et
343 1512 401 1543 per
414 1504 607 1542 Arnolphum
623 1507 818 1544 postmodum

325 1549 366 1580 ad
389 1559 444 1581 nos
471 1550 624 1590 devectus,

280 1593 383 1626 Sacris
408 1595 526 1626 ossibus
551 1600 652 1627 sacrat
676 1597 776 1628 locum

325 1641 407 1671 hunc
429 1639 485 1672 flos
510 1641 634 1680 electus,

245 1710 251 1716 .
278 1686 337 1717 Per
360 1695 416 1718 vas
440 1686 598 1726 Graeciae,

279 1731 341 1762 Vas
363 1732 530 1771 01001101115,

279 1776 388 1808 Potum
414 1777 513 1809 Gallis
537 1778 665 1816 gratiae,

279 1822 463 1854 Transmisit
488 1823 670 1855 Germaniae

279 1868 370 1899 Nunc
395 1878 461 1900 cum
485 1869 633 1908 patronis.

231 1939 250 1953 1.
275 1923 359 1954 Vicit
381 1924 520 1955 Parisius

323 1972 354 1999 et
377 1970 475 2000 victor
499 1969 543 2000 ibi
567 1970 744 2011 tumulatur,

277 2014 357 2046 Inde
379 2015 547 2053 Dionysius

321 2062 411 2098 pater
423 2060 474 2091 hic
486 2062 654 2092 translatus
662 2061 819 2104 humatur,

212 2105 249 2137 V.
277 2104 408 2137 Graecia
431 2115 490 2144 quo
514 2108 611 2145 prole,

321 2160 380 2190 quo
403 2152 487 2183 lucet
510 2152 615 2184 Gallia
636 2154 711 2186 sole.

208 2206 249 2239 R.
275 2206 404 2238 Ocelum
428 2208 598 2246 perlustrat
621 2209 756 2248 tertium,

271 2252 355 2284 Hinc
383 2253 507 2285 ordinat
531 2255 754 2295 commercium,

877 258 915 288 V.

945 164 1107 197 Goelorum
1131 164 1242 195 choros
1265 161 1413 200 limitans,

944 210 1032 243 Pauli
1056 210 1193 243 volatum
1216 209 1351 241 imitans,

943 255 1054 288 Officia
1075 256 1272 288 hierarchica

940 302 1093 333 Distinxit
1117 305 1146 333 et
1171 301 1319 341 angelica.

877 363 915 394 R.
940 362 1024 393 Ecce
1049 361 1200 393 Graeciae
1226 362 1384 392 doctorem

877 544 915 576 V.

873 2211 911 2244 V.

940 407 985 439 Et
1009 406 1130 438 Galliae
1153 414 1368 439 conversorem

942 453 1074 485 Urbium
1098 452 1184 484 foves
1210 461 1323 484 corona,

941 498 1162 537 Marchiarum,
1188 498 1370 536 Ratispona,

939 544 1096 582 Arnolphi
1118 544 1222 582 magni
1244 552 1302 582 per
1328 543 1443 574 donum

943 589 1088 621 Nobilem
1111 598 1218 620 servas
1242 593 1418 628 patronum.

1006 718 1050 749 In
1076 720 1106 749 2.
1132 717 1357 748 Nocturno.

1086 788 1277 824 Antiphonae.

910 874 917 881 .
941 848 1087 881 Doctoris
1109 849 1201 881 Pauli
1226 849 1409 889 discipulus,

943 894 1066 926 Nobilis
1089 894 1269 934 Dionysius,

941 940 1003 972 Est
1026 940 1176 971 Graeciae
1198 939 1255 972 fios
1279 940 1419 982 insignis,

941 986 1099 1025 Areopagi
1123 986 1300 1017 didasculus

943 1031 997 1062 Fit
1014 1030 1135 1063 Galliae
1155 1032 1300 1071 specialis
1317 1032 1485 1070 apostolus,

942 1086 1047 1118 Primo
1058 1085 1095 1117 fit
1105 1087 1231 1124 praesul
1239 1087 1486 1127 Atheniensium,

943 1131 1018 1163 Post
1039 1132 1116 1162 haec
1137 1132 1356 1164 Parisiensium

944 1176 1088 1208 Gentium
1114 1178 1230 1210 doctor.

911 1256 918 1263 .
943 1232 1071 1263 Goelum
1095 1236 1164 1264 cum
1187 1232 1284 1264 Paulo

988 1278 1136 1316 magistro
1159 1281 1302 1317 penetrat

942 1322 1081 1362 Ejusque
1104 1327 1225 1355 secreta

987 1369 1101 1400 mundo
1126 1373 1255 1401 reserat.

941 1424 965 1456 O
989 1423 1121 1462 Dionysi

984 1469 1059 1499 Tuis
1083 1474 1247 1510 resurgant
1268 1471 1417 1509 precibus

938 1516 968 1545 A
992 1515 1113 1552 peccati
1138 1514 1275 1547 faecibus

983 1560 1042 1590 His
1067 1561 1160 1592 allisi.

909 1639 916 1646 .
941 1614 1201 1653 Philosophorum
1227 1618 1414 1658 doctissime,

983 1660 1126 1699 Dionysi,

940 1706 998 1744 Qui
1022 1710 1144 1737 secutus
1168 1709 1349 1748 magistrum

987 1752 1130 1784 Paradisi

941 1797 1066 1829 Secreta
1090 1800 1264 1837 perlustras

938 1844 1082 1875 Fraudes
1105 1845 1203 1876 1105115
1228 1846 1369 1888 callidas,

984 1889 1076 1922 Nunc
1096 1891 1198 1923 invisi.

1078 1972 1279 2007 Responsoria.

906 2051 914 2058 .
939 2027 1037 2059 Tecta
1060 2028 1159 2060 latent
1179 2031 1317 2062 tenebris

984 2072 1079 2114 Loca,
1098 2084 1177 2114 quae
1191 2076 1246 2107 lux
1263 2077 1338 2109 orbe
1351 2078 1484 2111 celebris

939 2118 1066 2151 Deserit
1088 2121 1203 2160 ablata,

985 2174 1045 2204 qua
1067 2166 1154 2207 luget
1176 2177 1251 2208 gens
1274 2170 1413 2203 viduata.

936 2212 985 2243 Tu
1009 2213 1078 2244 loca
1103 2213 1265 2246 Gallorum

985 2259 1132 2300 viduasti,
1157 2270 1278 2300 gemma
1300 2263 1451 2302 polorum.
