<?xml version="1.0" encoding="UTF-8"?>
<!DOCTYPE html PUBLIC "-//W3C//DTD XHTML 1.0 Transitional//EN"
    "http://www.w3.org/TR/xhtml1/DTD/xhtml1-transitional.dtd">
<html xmlns="http://www.w3.org/1999/xhtml" xml:lang="en" lang="en">
 <head>
  <title>
</title>
<meta http-equiv="Content-Type" content="text/html;charset=utf-8" />
  <meta name='ocr-system' content='tesseract 3.04.00' />
  <meta name='ocr-capabilities' content='ocr_page ocr_carea ocr_par ocr_line ocrx_word'/>
</head>
<body>
  <div class='ocr_page' id='page_1' title='image "./analectahymnica13drevuoft_00218.png"; bbox 0 0 1674 2492; ppageno 0'>
   <div class='ocr_carea' id='block_1_1' title="bbox 150 370 179 403">
    <p class='ocr_par' dir='ltr' id='par_1_1' title="bbox 150 370 179 403">
     <span class='ocr_line' id='line_1_1' title="bbox 150 370 179 403; baseline -0.103 0"><span class='ocrx_word' id='word_1_1' title='bbox 150 370 179 403; x_wconf 89' lang='lat'>1.</span> 
     </span>
    </p>
   </div>
   <div class='ocr_carea' id='block_1_2' title="bbox 149 522 180 552">
    <p class='ocr_par' dir='ltr' id='par_1_2' title="bbox 149 522 180 552">
     <span class='ocr_line' id='line_1_2' title="bbox 149 522 180 552; baseline -0.032 0"><span class='ocrx_word' id='word_1_2' title='bbox 149 522 180 552; x_wconf 87' lang='lat'>2.</span> 
     </span>
    </p>
   </div>
   <div class='ocr_carea' id='block_1_3' title="bbox 150 670 182 701">
    <p class='ocr_par' dir='ltr' id='par_1_3' title="bbox 150 670 182 701">
     <span class='ocr_line' id='line_1_3' title="bbox 150 670 182 701; baseline -0.031 0"><span class='ocrx_word' id='word_1_3' title='bbox 150 670 182 701; x_wconf 80' lang='lat'>3.</span> 
     </span>
    </p>
   </div>
   <div class='ocr_carea' id='block_1_4' title="bbox 546 93 1009 215">
    <p class='ocr_par' dir='ltr' id='par_1_4' title="bbox 546 93 1009 215">
     <span class='ocr_line' id='line_1_4' title="bbox 651 93 902 128; baseline 0.016 -3"><span class='ocrx_word' id='word_1_4' title='bbox 651 112 697 116; x_wconf 92' lang='lat'>—-</span> <span class='ocrx_word' id='word_1_5' title='bbox 744 93 811 128; x_wconf 82' lang='lat'>215</span> <span class='ocrx_word' id='word_1_6' title='bbox 858 113 902 117; x_wconf 88' lang='lat'><strong>—</strong></span> 
     </span>
     <span class='ocr_line' id='line_1_5' title="bbox 546 182 1009 215; baseline 0.004 -2"><span class='ocrx_word' id='word_1_7' title='bbox 546 182 591 213; x_wconf 88' lang='lat'>83.</span> <span class='ocrx_word' id='word_1_8' title='bbox 629 182 671 214; x_wconf 87' lang='lat' dir='ltr'>De</span> <span class='ocrx_word' id='word_1_9' title='bbox 689 183 796 214; x_wconf 86' lang='lat' dir='ltr'>saneta</span> <span class='ocrx_word' id='word_1_10' title='bbox 814 183 1009 215; x_wconf 83' lang='lat' dir='ltr'>Pharahilde.</span> 
     </span>
    </p>
   </div>
   <div class='ocr_carea' id='block_1_5' title="bbox 273 249 612 350">
    <p class='ocr_par' dir='ltr' id='par_1_5' title="bbox 273 249 612 350">
     <span class='ocr_line' id='line_1_6' title="bbox 273 249 612 289; baseline 0.006 -9"><span class='ocrx_word' id='word_1_11' title='bbox 273 249 318 280; x_wconf 90' lang='lat' dir='ltr'>In</span> <span class='ocrx_word' id='word_1_12' title='bbox 344 250 374 282; x_wconf 93' lang='lat'>1.</span> <span class='ocrx_word' id='word_1_13' title='bbox 401 251 612 289; x_wconf 87' lang='lat' dir='ltr'>Vesperis.</span> 
     </span>
     <span class='ocr_line' id='line_1_7' title="bbox 349 313 541 350; baseline 0.005 -10"><span class='ocrx_word' id='word_1_14' title='bbox 349 313 541 350; x_wconf 87' lang='lat' dir='ltr'>Antiphonae.</span> 
     </span>
    </p>
   </div>
   <div class='ocr_carea' id='block_1_6' title="bbox 206 371 684 504">
    <p class='ocr_par' dir='ltr' id='par_1_6' title="bbox 206 371 684 504">
     <span class='ocr_line' id='line_1_8' title="bbox 206 371 684 412; baseline 0.002 -10"><span class='ocrx_word' id='word_1_15' title='bbox 206 371 302 410; x_wconf 86' lang='lat' dir='ltr'>Virgo</span> <span class='ocrx_word' id='word_1_16' title='bbox 329 371 462 403; x_wconf 82' lang='lat' dir='ltr'>clemens</span> <span class='ocrx_word' id='word_1_17' title='bbox 487 373 519 402; x_wconf 89' lang='lat' dir='ltr'>et</span> <span class='ocrx_word' id='word_1_18' title='bbox 541 372 684 412; x_wconf 85' lang='lat' dir='ltr'>benigna,</span> 
     </span>
     <span class='ocr_line' id='line_1_9' title="bbox 206 417 663 458; baseline 0 -9"><span class='ocrx_word' id='word_1_19' title='bbox 206 417 416 457; x_wconf 86' lang='lat' dir='ltr'>Pharahildis‚</span> <span class='ocrx_word' id='word_1_20' title='bbox 442 417 536 449; x_wconf 88' lang='lat' dir='ltr'>laude</span> <span class='ocrx_word' id='word_1_21' title='bbox 561 419 663 458; x_wconf 87' lang='lat' dir='ltr'>digna,</span> 
     </span>
     <span class='ocr_line' id='line_1_10' title="bbox 251 463 671 504; baseline 0.005 -10"><span class='ocrx_word' id='word_1_22' title='bbox 251 463 356 494; x_wconf 83' lang='lat' dir='ltr'>Vitam</span> <span class='ocrx_word' id='word_1_23' title='bbox 382 464 470 496; x_wconf 85' lang='lat' dir='ltr'>duxit</span> <span class='ocrx_word' id='word_1_24' title='bbox 492 465 671 504; x_wconf 83' lang='lat' dir='ltr'>angelicam.</span> 
     </span>
    </p>
   </div>
   <div class='ocr_carea' id='block_1_7' title="bbox 205 519 711 653">
    <p class='ocr_par' dir='ltr' id='par_1_7' title="bbox 205 519 711 653">
     <span class='ocr_line' id='line_1_11' title="bbox 206 519 676 559; baseline 0 -7"><span class='ocrx_word' id='word_1_25' title='bbox 206 519 324 552; x_wconf 81' lang='lat' dir='ltr'>Ordine</span> <span class='ocrx_word' id='word_1_26' title='bbox 345 520 424 551; x_wconf 91' lang='lat' dir='ltr'>miro</span> <span class='ocrx_word' id='word_1_27' title='bbox 450 520 575 552; x_wconf 89' lang='lat' dir='ltr'>subdita</span> <span class='ocrx_word' id='word_1_28' title='bbox 599 522 676 559; x_wconf 87' lang='lat' dir='ltr'>viro,</span> 
     </span>
     <span class='ocr_line' id='line_1_12' title="bbox 205 566 711 606; baseline 0 -9"><span class='ocrx_word' id='word_1_29' title='bbox 205 566 336 598; x_wconf 80' lang='lat' dir='ltr'>Famula</span> <span class='ocrx_word' id='word_1_30' title='bbox 362 566 487 605; x_wconf 82' lang='lat' dir='ltr'>Christi,</span> <span class='ocrx_word' id='word_1_31' title='bbox 513 567 711 606; x_wconf 77' lang='lat' dir='ltr'>promeruisti</span> 
     </span>
     <span class='ocr_line' id='line_1_13' title="bbox 254 611 506 653; baseline 0.004 -8"><span class='ocrx_word' id='word_1_32' title='bbox 254 611 378 645; x_wconf 88' lang='lat' dir='ltr'>Coelica</span> <span class='ocrx_word' id='word_1_33' title='bbox 400 622 506 653; x_wconf 85' lang='lat' dir='ltr'>regna.</span> 
     </span>
    </p>
   </div>
   <div class='ocr_carea' id='block_1_8' title="bbox 208 668 751 847">
    <p class='ocr_par' dir='ltr' id='par_1_8' title="bbox 208 668 751 847">
     <span class='ocr_line' id='line_1_14' title="bbox 208 668 744 707; baseline -0.002 -7"><span class='ocrx_word' id='word_1_34' title='bbox 208 669 286 700; x_wconf 83' lang='lat' dir='ltr'>Tam</span> <span class='ocrx_word' id='word_1_35' title='bbox 310 668 343 699; x_wconf 88' lang='lat' dir='ltr'>in</span> <span class='ocrx_word' id='word_1_36' title='bbox 367 676 475 700; x_wconf 84' lang='lat' dir='ltr'>mensa</span> <span class='ocrx_word' id='word_1_37' title='bbox 496 677 586 707; x_wconf 84' lang='lat' dir='ltr'>quam</span> <span class='ocrx_word' id='word_1_38' title='bbox 608 669 641 700; x_wconf 87' lang='lat' dir='ltr'>in</span> <span class='ocrx_word' id='word_1_39' title='bbox 663 669 744 700; x_wconf 76' lang='lat' dir='ltr'>lecto</span> 
     </span>
     <span class='ocr_line' id='line_1_15' title="bbox 212 715 608 747; baseline -0.003 -1"><span class='ocrx_word' id='word_1_40' title='bbox 212 715 275 747; x_wconf 87' lang='lat' dir='ltr'>Sub</span> <span class='ocrx_word' id='word_1_41' title='bbox 301 715 409 746; x_wconf 88' lang='lat' dir='ltr'>eodem</span> <span class='ocrx_word' id='word_1_42' title='bbox 435 723 503 746; x_wconf 87' lang='lat' dir='ltr'>eras</span> <span class='ocrx_word' id='word_1_43' title='bbox 527 717 608 746; x_wconf 90' lang='lat' dir='ltr'>tecto</span> 
     </span>
     <span class='ocr_line' id='line_1_16' title="bbox 254 758 751 794; baseline -0.004 -1"><span class='ocrx_word' id='word_1_44' title='bbox 254 761 329 794; x_wconf 86' lang='lat' dir='ltr'>Cum</span> <span class='ocrx_word' id='word_1_45' title='bbox 357 761 469 792; x_wconf 88' lang='lat' dir='ltr'>marito</span> <span class='ocrx_word' id='word_1_46' title='bbox 494 768 621 792; x_wconf 85' lang='lat' dir='ltr'>servans</span> <span class='ocrx_word' id='word_1_47' title='bbox 644 758 751 791; x_wconf 88' lang='lat' dir='ltr'>florem</span> 
     </span>
     <span class='ocr_line' id='line_1_17' title="bbox 255 806 710 847; baseline 0.002 -9"><span class='ocrx_word' id='word_1_48' title='bbox 255 806 413 839; x_wconf 84' lang='lat' dir='ltr'>Castitatis</span> <span class='ocrx_word' id='word_1_49' title='bbox 437 809 563 847; x_wconf 79' lang='lat' dir='ltr'>praeter</span> <span class='ocrx_word' id='word_1_50' title='bbox 585 814 710 839; x_wconf 91' lang='lat' dir='ltr'>morem.</span> 
     </span>
    </p>
   </div>
   <div class='ocr_carea' id='block_1_9' title="bbox 206 861 705 1087">
    <p class='ocr_par' dir='ltr' id='par_1_9' title="bbox 206 861 705 1087">
     <span class='ocr_line' id='line_1_18' title="bbox 206 861 607 902; baseline -0.002 -8"><span class='ocrx_word' id='word_1_51' title='bbox 206 863 319 902; x_wconf 84' lang='lat' dir='ltr'>Ingens</span> <span class='ocrx_word' id='word_1_52' title='bbox 344 864 392 893; x_wconf 86' lang='lat' dir='ltr'>est</span> <span class='ocrx_word' id='word_1_53' title='bbox 414 861 607 902; x_wconf 81' lang='lat' dir='ltr'>miraculum,</span> 
     </span>
     <span class='ocr_line' id='line_1_19' title="bbox 208 908 705 948; baseline -0.004 -8"><span class='ocrx_word' id='word_1_54' title='bbox 208 908 296 947; x_wconf 72' lang='lat' dir='ltr'>Quod</span> <span class='ocrx_word' id='word_1_55' title='bbox 319 908 352 939; x_wconf 88' lang='lat' dir='ltr'>in</span> <span class='ocrx_word' id='word_1_56' title='bbox 375 916 524 948; x_wconf 82' lang='lat' dir='ltr'>praesens</span> <span class='ocrx_word' id='word_1_57' title='bbox 549 908 705 940; x_wconf 85' lang='lat' dir='ltr'>saeculum</span> 
     </span>
     <span class='ocr_line' id='line_1_20' title="bbox 253 954 562 987; baseline -0.006 0"><span class='ocrx_word' id='word_1_58' title='bbox 253 956 339 987; x_wconf 86' lang='lat' dir='ltr'>Inter</span> <span class='ocrx_word' id='word_1_59' title='bbox 363 957 410 987; x_wconf 91' lang='lat' dir='ltr'>tot</span> <span class='ocrx_word' id='word_1_60' title='bbox 435 954 562 987; x_wconf 86' lang='lat' dir='ltr'>delicias</span> 
     </span>
     <span class='ocr_line' id='line_1_21' title="bbox 251 1001 626 1040; baseline -0.003 -7"><span class='ocrx_word' id='word_1_61' title='bbox 251 1001 303 1033; x_wconf 88' lang='lat' dir='ltr'>Ad</span> <span class='ocrx_word' id='word_1_62' title='bbox 329 1002 478 1033; x_wconf 86' lang='lat' dir='ltr'>coelestes</span> <span class='ocrx_word' id='word_1_63' title='bbox 501 1001 626 1040; x_wconf 88' lang='lat' dir='ltr'>nuptias</span> 
     </span>
     <span class='ocr_line' id='line_1_22' title="bbox 298 1047 669 1087; baseline 0.003 -9"><span class='ocrx_word' id='word_1_64' title='bbox 298 1047 454 1087; x_wconf 87' lang='lat' dir='ltr'>Adspiras</span> <span class='ocrx_word' id='word_1_65' title='bbox 479 1049 543 1078; x_wconf 84' lang='lat' dir='ltr'>’tam</span> <span class='ocrx_word' id='word_1_66' title='bbox 568 1048 669 1079; x_wconf 79' lang='lat' dir='ltr'>avide.</span> 
     </span>
    </p>
   </div>
   <div class='ocr_carea' id='block_1_10' title="bbox 202 1102 703 1703">
    <p class='ocr_par' dir='ltr' id='par_1_10' title="bbox 202 1102 703 1703">
     <span class='ocr_line' id='line_1_23' title="bbox 205 1102 658 1142; baseline -0.002 -7"><span class='ocrx_word' id='word_1_67' title='bbox 205 1104 281 1135; x_wconf 89' lang='lat' dir='ltr'>Post</span> <span class='ocrx_word' id='word_1_68' title='bbox 304 1111 426 1134; x_wconf 87' lang='lat' dir='ltr'>cursum</span> <span class='ocrx_word' id='word_1_69' title='bbox 448 1102 539 1142; x_wconf 82' lang='lat' dir='ltr'>hujus</span> <span class='ocrx_word' id='word_1_70' title='bbox 563 1102 658 1134; x_wconf 89' lang='lat' dir='ltr'>stadii</span> 
     </span>
     <span class='ocr_line' id='line_1_24' title="bbox 206 1149 625 1188; baseline -0.002 -6"><span class='ocrx_word' id='word_1_71' title='bbox 206 1150 326 1182; x_wconf 86' lang='lat' dir='ltr'>Donum</span> <span class='ocrx_word' id='word_1_72' title='bbox 353 1149 498 1188; x_wconf 87' lang='lat' dir='ltr'>perennis</span> <span class='ocrx_word' id='word_1_73' title='bbox 522 1150 625 1181; x_wconf 87' lang='lat' dir='ltr'>bravii</span> 
     </span>
     <span class='ocr_line' id='line_1_25' title="bbox 249 1196 647 1235; baseline -0.003 -7"><span class='ocrx_word' id='word_1_74' title='bbox 249 1197 335 1228; x_wconf 85' lang='lat' dir='ltr'>Inter</span> <span class='ocrx_word' id='word_1_75' title='bbox 361 1196 470 1228; x_wconf 82' lang='lat' dir='ltr'>choros</span> <span class='ocrx_word' id='word_1_76' title='bbox 494 1196 647 1235; x_wconf 86' lang='lat' dir='ltr'>virginum</span> 
     </span>
     <span class='ocr_line' id='line_1_26' title="bbox 253 1242 611 1281; baseline -0.003 -7"><span class='ocrx_word' id='word_1_77' title='bbox 253 1242 325 1274; x_wconf 88' lang='lat' dir='ltr'>Tibi</span> <span class='ocrx_word' id='word_1_78' title='bbox 349 1245 439 1281; x_wconf 86' lang='lat' dir='ltr'>pater</span> <span class='ocrx_word' id='word_1_79' title='bbox 463 1242 611 1273; x_wconf 90' lang='lat' dir='ltr'>luminum</span> 
     </span>
     <span class='ocr_line' id='line_1_27' title="bbox 298 1288 612 1328; baseline 0 -8"><span class='ocrx_word' id='word_1_80' title='bbox 298 1288 421 1328; x_wconf 84' lang='lat' dir='ltr'>Virgini</span> <span class='ocrx_word' id='word_1_81' title='bbox 445 1289 612 1321; x_wconf 87' lang='lat' dir='ltr'>constituit.</span> 
     </span>
     <span class='ocr_line' id='line_1_28' title="bbox 202 1342 631 1384; baseline -0.002 -8"><span class='ocrx_word' id='word_1_82' title='bbox 202 1344 278 1384; x_wconf 88' lang='lat' dir='ltr'>Igne</span> <span class='ocrx_word' id='word_1_83' title='bbox 302 1344 397 1375; x_wconf 84' lang='lat' dir='ltr'>rubus</span> <span class='ocrx_word' id='word_1_84' title='bbox 422 1342 631 1376; x_wconf 83' lang='lat' dir='ltr'>inflammatur</span> 
     </span>
     <span class='ocr_line' id='line_1_29' title="bbox 249 1389 637 1434; baseline 0.003 -13"><span class='ocrx_word' id='word_1_85' title='bbox 249 1390 317 1422; x_wconf 85' lang='lat' dir='ltr'>Nec</span> <span class='ocrx_word' id='word_1_86' title='bbox 339 1389 470 1422; x_wconf 87' lang='lat' dir='ltr'>flammis</span> <span class='ocrx_word' id='word_1_87' title='bbox 494 1390 637 1434; x_wconf 80' lang='lat' dir='ltr'>inuritur,</span> 
     </span>
     <span class='ocr_line' id='line_1_30' title="bbox 205 1437 659 1476; baseline -0.002 -7"><span class='ocrx_word' id='word_1_88' title='bbox 205 1437 404 1469; x_wconf 88' lang='lat' dir='ltr'>Pharahildis</span> <span class='ocrx_word' id='word_1_89' title='bbox 428 1445 542 1476; x_wconf 85' lang='lat' dir='ltr'>sponso</span> <span class='ocrx_word' id='word_1_90' title='bbox 569 1437 659 1468; x_wconf 87' lang='lat' dir='ltr'>datur</span> 
     </span>
     <span class='ocr_line' id='line_1_31' title="bbox 251 1482 657 1523; baseline -0.002 -8"><span class='ocrx_word' id='word_1_91' title='bbox 251 1482 319 1515; x_wconf 85' lang='lat' dir='ltr'>Nec</span> <span class='ocrx_word' id='word_1_92' title='bbox 344 1484 479 1523; x_wconf 86' lang='lat' dir='ltr'>sigillum</span> <span class='ocrx_word' id='word_1_93' title='bbox 503 1482 657 1523; x_wconf 85' lang='lat' dir='ltr'>frangitur</span> 
     </span>
     <span class='ocr_line' id='line_1_32' title="bbox 294 1530 584 1570; baseline 0 -9"><span class='ocrx_word' id='word_1_94' title='bbox 294 1530 373 1569; x_wconf 80' lang='lat' dir='ltr'>EJus</span> <span class='ocrx_word' id='word_1_95' title='bbox 398 1530 584 1570; x_wconf 82' lang='lat' dir='ltr'>pudicitiae3</span> 
     </span>
     <span class='ocr_line' id='line_1_33' title="bbox 205 1577 703 1615; baseline -0.002 -7"><span class='ocrx_word' id='word_1_96' title='bbox 205 1577 266 1608; x_wconf 87' lang='lat' dir='ltr'>Per</span> <span class='ocrx_word' id='word_1_97' title='bbox 290 1578 340 1607; x_wconf 87' lang='lat' dir='ltr'>ter</span> <span class='ocrx_word' id='word_1_98' title='bbox 366 1578 462 1609; x_wconf 85' lang='lat' dir='ltr'>denos</span> <span class='ocrx_word' id='word_1_99' title='bbox 486 1585 582 1608; x_wconf 85' lang='lat' dir='ltr'>annos</span> <span class='ocrx_word' id='word_1_100' title='bbox 606 1578 703 1615; x_wconf 86' lang='lat' dir='ltr'>nupta</span> 
     </span>
     <span class='ocr_line' id='line_1_34' title="bbox 202 1623 642 1663; baseline 0 -8"><span class='ocrx_word' id='word_1_101' title='bbox 202 1624 298 1663; x_wconf 87' lang='lat' dir='ltr'>Virgo</span> <span class='ocrx_word' id='word_1_102' title='bbox 323 1624 436 1655; x_wconf 86' lang='lat' dir='ltr'>mansit</span> <span class='ocrx_word' id='word_1_103' title='bbox 459 1623 642 1662; x_wconf 86' lang='lat' dir='ltr'>incorrupta</span> 
     </span>
     <span class='ocr_line' id='line_1_35' title="bbox 247 1670 631 1703; baseline 0 0"><span class='ocrx_word' id='word_1_104' title='bbox 247 1670 371 1703; x_wconf 87' lang='lat' dir='ltr'>Vacans</span> <span class='ocrx_word' id='word_1_105' title='bbox 393 1670 453 1702; x_wconf 90' lang='lat' dir='ltr'>Dei</span> <span class='ocrx_word' id='word_1_106' title='bbox 477 1670 631 1703; x_wconf 86' lang='lat' dir='ltr'>laudibus.</span> 
     </span>
    </p>
   </div>
   <div class='ocr_carea' id='block_1_11' title="bbox 323 1752 562 1789">
    <p class='ocr_par' dir='ltr' id='par_1_11' title="bbox 323 1752 562 1789">
     <span class='ocr_line' id='line_1_36' title="bbox 323 1752 562 1789; baseline -0.004 -9"><span class='ocrx_word' id='word_1_107' title='bbox 323 1752 369 1780; x_wconf 88' lang='lat' dir='ltr'>Ad</span> <span class='ocrx_word' id='word_1_108' title='bbox 387 1752 562 1789; x_wconf 75' lang='lat' dir='ltr'>Magnificat.</span> 
     </span>
    </p>
   </div>
   <div class='ocr_carea' id='block_1_12' title="bbox 203 1810 686 1983">
    <p class='ocr_par' dir='ltr' id='par_1_12' title="bbox 203 1810 686 1983">
     <span class='ocr_line' id='line_1_37' title="bbox 203 1810 666 1850; baseline 0 -8"><span class='ocrx_word' id='word_1_109' title='bbox 203 1811 298 1842; x_wconf 86' lang='lat' dir='ltr'>Alma</span> <span class='ocrx_word' id='word_1_110' title='bbox 321 1810 419 1850; x_wconf 85' lang='lat' dir='ltr'>virgo,</span> <span class='ocrx_word' id='word_1_111' title='bbox 444 1810 538 1841; x_wconf 89' lang='lat' dir='ltr'>laude</span> <span class='ocrx_word' id='word_1_112' title='bbox 564 1810 666 1850; x_wconf 83' lang='lat' dir='ltr'>digna,</span> 
     </span>
     <span class='ocr_line' id='line_1_38' title="bbox 204 1856 686 1897; baseline -0.006 -7"><span class='ocrx_word' id='word_1_113' title='bbox 204 1858 301 1897; x_wconf 86' lang='lat' dir='ltr'>Virgo</span> <span class='ocrx_word' id='word_1_114' title='bbox 325 1857 464 1896; x_wconf 82' lang='lat' dir='ltr'>prudens</span> <span class='ocrx_word' id='word_1_115' title='bbox 489 1858 520 1887; x_wconf 86' lang='lat' dir='ltr'>et</span> <span class='ocrx_word' id='word_1_116' title='bbox 542 1856 686 1896; x_wconf 88' lang='lat' dir='ltr'>benigna,</span> 
     </span>
     <span class='ocr_line' id='line_1_39' title="bbox 249 1902 679 1942; baseline -0.009 -5"><span class='ocrx_word' id='word_1_117' title='bbox 249 1902 461 1942; x_wconf 84' lang='lat' dir='ltr'>Pharahildis,</span> <span class='ocrx_word' id='word_1_118' title='bbox 486 1911 543 1934; x_wconf 90' lang='lat' dir='ltr'>nos</span> <span class='ocrx_word' id='word_1_119' title='bbox 568 1902 679 1934; x_wconf 85' lang='lat' dir='ltr'>exaudi</span> 
     </span>
     <span class='ocr_line' id='line_1_40' title="bbox 249 1949 667 1983; baseline -0.005 -1"><span class='ocrx_word' id='word_1_120' title='bbox 249 1950 452 1983; x_wconf 82' lang='lat' dir='ltr'>Famulantcs</span> <span class='ocrx_word' id='word_1_121' title='bbox 475 1952 548 1980; x_wconf 84' lang='lat' dir='ltr'>tuae</span> <span class='ocrx_word' id='word_1_122' title='bbox 570 1949 667 1981; x_wconf 85' lang='lat' dir='ltr'>laudi.</span> 
     </span>
    </p>
   </div>
   <div class='ocr_carea' id='block_1_13' title="bbox 265 2052 617 2086">
    <p class='ocr_par' dir='ltr' id='par_1_13' title="bbox 265 2052 617 2086">
     <span class='ocr_line' id='line_1_41' title="bbox 265 2052 617 2086; baseline -0.003 0"><span class='ocrx_word' id='word_1_123' title='bbox 265 2053 326 2086; x_wconf 84' lang='lat' dir='ltr'>Ad</span> <span class='ocrx_word' id='word_1_124' title='bbox 356 2052 617 2085; x_wconf 85' lang='lat' dir='ltr'>Matutinum.</span> 
     </span>
    </p>
   </div>
   <div class='ocr_carea' id='block_1_14' title="bbox 337 2117 548 2145">
    <p class='ocr_par' dir='ltr' id='par_1_14' title="bbox 337 2117 548 2145">
     <span class='ocr_line' id='line_1_42' title="bbox 337 2117 548 2145; baseline -0.009 0"><span class='ocrx_word' id='word_1_125' title='bbox 337 2117 548 2145; x_wconf 87' lang='lat' dir='ltr'>Invitatorium.</span> 
     </span>
    </p>
   </div>
   <div class='ocr_carea' id='block_1_15' title="bbox 203 2175 702 2351">
    <p class='ocr_par' dir='ltr' id='par_1_15' title="bbox 203 2175 702 2351">
     <span class='ocr_line' id='line_1_43' title="bbox 203 2175 702 2216; baseline -0.006 -7"><span class='ocrx_word' id='word_1_126' title='bbox 203 2178 380 2209; x_wconf 84' lang='lat' dir='ltr'>Adoremus</span> <span class='ocrx_word' id='word_1_127' title='bbox 407 2175 564 2208; x_wconf 85' lang='lat' dir='ltr'>Christum</span> <span class='ocrx_word' id='word_1_128' title='bbox 588 2183 702 2216; x_wconf 85' lang='lat' dir='ltr'>regem,</span> 
     </span>
     <span class='ocr_line' id='line_1_44' title="bbox 204 2223 668 2264; baseline -0.009 -6"><span class='ocrx_word' id='word_1_129' title='bbox 204 2224 298 2264; x_wconf 83' lang='lat' dir='ltr'>Cujus</span> <span class='ocrx_word' id='word_1_130' title='bbox 323 2223 410 2263; x_wconf 89' lang='lat' dir='ltr'>virgo</span> <span class='ocrx_word' id='word_1_131' title='bbox 435 2226 544 2255; x_wconf 85' lang='lat' dir='ltr'>tenens</span> <span class='ocrx_word' id='word_1_132' title='bbox 568 2223 668 2263; x_wconf 88' lang='lat' dir='ltr'>legem</span> 
     </span>
     <span class='ocr_line' id='line_1_45' title="bbox 245 2270 634 2304; baseline -0.005 -1"><span class='ocrx_word' id='word_1_133' title='bbox 245 2270 445 2304; x_wconf 83' lang='lat' dir='ltr'>Pharahildis</span> <span class='ocrx_word' id='word_1_134' title='bbox 468 2272 634 2303; x_wconf 81' lang='lat' dir='ltr'>coronatur</span> 
     </span>
     <span class='ocr_line' id='line_1_46' title="bbox 296 2317 608 2351; baseline 0.003 -1"><span class='ocrx_word' id='word_1_135' title='bbox 296 2318 333 2350; x_wconf 83' lang='lat' dir='ltr'>In</span> <span class='ocrx_word' id='word_1_136' title='bbox 361 2317 489 2350; x_wconf 82' lang='lat' dir='ltr'>coelesti</span> <span class='ocrx_word' id='word_1_137' title='bbox 512 2318 608 2351; x_wconf 81' lang='lat' dir='ltr'>curia.</span> 
     </span>
    </p>
   </div>
   <div class='ocr_carea' id='block_1_16' title="bbox 817 381 847 415">
    <p class='ocr_par' dir='ltr' id='par_1_16' title="bbox 817 381 847 415">
     <span class='ocr_line' id='line_1_47' title="bbox 817 381 847 415; baseline 0.067 -2"><span class='ocrx_word' id='word_1_138' title='bbox 817 381 847 415; x_wconf 82' lang='lat'>1.</span> 
     </span>
    </p>
   </div>
   <div class='ocr_carea' id='block_1_17' title="bbox 934 252 1281 285">
    <p class='ocr_par' dir='ltr' id='par_1_17' title="bbox 934 252 1281 285">
     <span class='ocr_line' id='line_1_48' title="bbox 934 252 1281 285; baseline 0 -1"><span class='ocrx_word' id='word_1_139' title='bbox 934 253 979 284; x_wconf 93' lang='lat' dir='ltr'>In</span> <span class='ocrx_word' id='word_1_140' title='bbox 1005 252 1035 285; x_wconf 88' lang='lat'>1.</span> <span class='ocrx_word' id='word_1_141' title='bbox 1061 252 1281 284; x_wconf 85' lang='lat' dir='ltr'>Nocturno.</span> 
     </span>
    </p>
   </div>
   <div class='ocr_carea' id='block_1_18' title="bbox 981 325 1205 361">
    <p class='ocr_par' dir='ltr' id='par_1_18' title="bbox 981 325 1205 361">
     <span class='ocr_line' id='line_1_49' title="bbox 981 325 1205 361; baseline 0.004 -9"><span class='ocrx_word' id='word_1_142' title='bbox 981 327 984 330; x_wconf 90' lang='lat'>&#39;</span> <span class='ocrx_word' id='word_1_143' title='bbox 1014 325 1205 361; x_wconf 84' lang='lat' dir='ltr'>Antiphonae.</span> 
     </span>
    </p>
   </div>
   <div class='ocr_carea' id='block_1_19' title="bbox 872 382 1321 600">
    <p class='ocr_par' dir='ltr' id='par_1_19' title="bbox 872 382 1321 600">
     <span class='ocr_line' id='line_1_50' title="bbox 872 382 1165 423; baseline 0 -9"><span class='ocrx_word' id='word_1_144' title='bbox 872 382 967 423; x_wconf 85' lang='lat' dir='ltr'>Virgo</span> <span class='ocrx_word' id='word_1_145' title='bbox 993 382 1031 415; x_wconf 89' lang='lat' dir='ltr'>de</span> <span class='ocrx_word' id='word_1_146' title='bbox 1053 391 1165 422; x_wconf 85' lang='lat' dir='ltr'>genere</span> 
     </span>
     <span class='ocr_line' id='line_1_51' title="bbox 920 429 1158 469; baseline -0.004 -9"><span class='ocrx_word' id='word_1_147' title='bbox 920 429 1030 469; x_wconf 83' lang='lat' dir='ltr'>Regali</span> <span class='ocrx_word' id='word_1_148' title='bbox 1053 429 1158 468; x_wconf 87' lang='lat' dir='ltr'>genita</span> 
     </span>
     <span class='ocr_line' id='line_1_52' title="bbox 872 474 1135 506; baseline 0 0"><span class='ocrx_word' id='word_1_149' title='bbox 872 474 986 506; x_wconf 87' lang='lat' dir='ltr'>Divino</span> <span class='ocrx_word' id='word_1_150' title='bbox 1008 484 1135 506; x_wconf 83' lang='lat' dir='ltr'>munere</span> 
     </span>
     <span class='ocr_line' id='line_1_53' title="bbox 919 521 1255 553; baseline -0.006 0"><span class='ocrx_word' id='word_1_151' title='bbox 919 521 1034 553; x_wconf 88' lang='lat' dir='ltr'>Libens</span> <span class='ocrx_word' id='word_1_152' title='bbox 1059 524 1107 552; x_wconf 87' lang='lat' dir='ltr'>est</span> <span class='ocrx_word' id='word_1_153' title='bbox 1130 521 1255 553; x_wconf 85' lang='lat' dir='ltr'>subdita</span> 
     </span>
     <span class='ocr_line' id='line_1_54' title="bbox 967 567 1321 600; baseline 0 0"><span class='ocrx_word' id='word_1_154' title='bbox 967 568 1088 600; x_wconf 87' lang='lat' dir='ltr'>Christo</span> <span class='ocrx_word' id='word_1_155' title='bbox 1113 567 1321 600; x_wconf 84' lang='lat' dir='ltr'>Pharahildis.</span> 
     </span>
    </p>
   </div>
   <div class='ocr_carea' id='block_1_20' title="bbox 816 641 1186 681">
    <p class='ocr_par' dir='ltr' id='par_1_20' title="bbox 816 641 1186 681">
     <span class='ocr_line' id='line_1_55' title="bbox 816 641 1186 681; baseline -0.003 -7"><span class='ocrx_word' id='word_1_156' title='bbox 816 642 846 675; x_wconf 83' lang='lat'>2.</span> <span class='ocrx_word' id='word_1_157' title='bbox 872 641 940 672; x_wconf 81' lang='lat' dir='ltr'>Rex</span> <span class='ocrx_word' id='word_1_158' title='bbox 963 641 1186 681; x_wconf 86' lang='lat' dir='ltr'>Letharingiae</span> 
     </span>
    </p>
   </div>
   <div class='ocr_carea' id='block_1_21' title="bbox 806 1494 834 1526">
    <p class='ocr_par' dir='ltr' id='par_1_21' title="bbox 806 1494 834 1526">
     <span class='ocr_line' id='line_1_56' title="bbox 806 1494 834 1526; baseline 0 0"><span class='ocrx_word' id='word_1_159' title='bbox 806 1494 834 1526; x_wconf 88' lang='lat' dir='ltr'><strong>V</strong></span> 
     </span>
    </p>
   </div>
   <div class='ocr_carea' id='block_1_22' title="bbox 874 686 1208 859">
    <p class='ocr_par' dir='ltr' id='par_1_22' title="bbox 874 686 1208 859">
     <span class='ocr_line' id='line_1_57' title="bbox 920 686 1208 729; baseline 0.003 -11"><span class='ocrx_word' id='word_1_160' title='bbox 920 686 1078 729; x_wconf 82' lang='lat' dir='ltr'>[Inclitus]</span> <span class='ocrx_word' id='word_1_161' title='bbox 1103 687 1208 719; x_wconf 87' lang='lat' dir='ltr'>floruit</span> 
     </span>
     <span class='ocr_line' id='line_1_58' title="bbox 874 733 1198 773; baseline 0.006 -10"><span class='ocrx_word' id='word_1_162' title='bbox 874 733 1007 773; x_wconf 82' lang='lat' dir='ltr'>Magnae</span> <span class='ocrx_word' id='word_1_163' title='bbox 1030 735 1198 772; x_wconf 84' lang='lat' dir='ltr'>potentiae,</span> 
     </span>
     <span class='ocr_line' id='line_1_59' title="bbox 920 780 1203 819; baseline 0.004 -9"><span class='ocrx_word' id='word_1_164' title='bbox 920 780 1072 817; x_wconf 72' lang='lat' dir='ltr'>Quamdiu</span> <span class='ocrx_word' id='word_1_165' title='bbox 1097 780 1203 819; x_wconf 86' lang='lat' dir='ltr'>viguit,</span> 
     </span>
     <span class='ocr_line' id='line_1_60' title="bbox 965 826 1185 859; baseline 0.005 -2"><span class='ocrx_word' id='word_1_166' title='bbox 965 826 1185 859; x_wconf 78' lang='lat' dir='ltr'>Theodoricus.</span> 
     </span>
    </p>
   </div>
   <div class='ocr_carea' id='block_1_23' title="bbox 839 899 1176 939">
    <p class='ocr_par' dir='ltr' id='par_1_23' title="bbox 839 899 1176 939">
     <span class='ocr_line' id='line_1_61' title="bbox 839 899 1176 939; baseline -0.003 -8"><span class='ocrx_word' id='word_1_167' title='bbox 839 924 846 931; x_wconf 94' lang='lat'>.</span> <span class='ocrx_word' id='word_1_168' title='bbox 874 899 1040 939; x_wconf 85' lang='lat' dir='ltr'>Conjugem</span> <span class='ocrx_word' id='word_1_169' title='bbox 1067 899 1176 931; x_wconf 81' lang='lat' dir='ltr'>habuit</span> 
     </span>
    </p>
   </div>
   <div class='ocr_carea' id='block_1_24' title="bbox 874 945 1238 1116">
    <p class='ocr_par' dir='ltr' id='par_1_24' title="bbox 874 945 1218 1070">
     <span class='ocr_line' id='line_1_62' title="bbox 916 945 1218 984; baseline 0 -7"><span class='ocrx_word' id='word_1_170' title='bbox 916 946 965 977; x_wconf 91' lang='lat' dir='ltr'>De</span> <span class='ocrx_word' id='word_1_171' title='bbox 989 945 1088 984; x_wconf 82' lang='lat' dir='ltr'>stirpe</span> <span class='ocrx_word' id='word_1_172' title='bbox 1112 946 1218 984; x_wconf 87' lang='lat' dir='ltr'>nobili,</span> 
     </span>
     <span class='ocr_line' id='line_1_63' title="bbox 874 992 1168 1031; baseline 0 -8"><span class='ocrx_word' id='word_1_173' title='bbox 874 992 1024 1024; x_wconf 87' lang='lat' dir='ltr'>Vixerunt</span> <span class='ocrx_word' id='word_1_174' title='bbox 1049 992 1168 1031; x_wconf 88' lang='lat' dir='ltr'>pariter</span> 
     </span>
     <span class='ocr_line' id='line_1_64' title="bbox 917 1038 1167 1070; baseline 0 -1"><span class='ocrx_word' id='word_1_175' title='bbox 917 1039 993 1070; x_wconf 87' lang='lat' dir='ltr'>Vita</span> <span class='ocrx_word' id='word_1_176' title='bbox 1014 1038 1167 1069; x_wconf 82' lang='lat' dir='ltr'>laudabili</span> 
     </span>
    </p>

    <p class='ocr_par' dir='ltr' id='par_1_25' title="bbox 964 1085 1238 1116">
     <span class='ocr_line' id='line_1_65' title="bbox 964 1085 1238 1116; baseline -0.004 0"><span class='ocrx_word' id='word_1_177' title='bbox 964 1085 1031 1116; x_wconf 87' lang='lat' dir='ltr'>Deo</span> <span class='ocrx_word' id='word_1_178' title='bbox 1056 1087 1238 1116; x_wconf 86' lang='lat' dir='ltr'>servientes.</span> 
     </span>
    </p>
   </div>
   <div class='ocr_carea' id='block_1_25' title="bbox 1008 1195 1212 1230">
    <p class='ocr_par' dir='ltr' id='par_1_26' title="bbox 1008 1195 1212 1230">
     <span class='ocr_line' id='line_1_66' title="bbox 1008 1195 1212 1230; baseline -0.005 -9"><span class='ocrx_word' id='word_1_179' title='bbox 1008 1195 1212 1230; x_wconf 85' lang='lat' dir='ltr'>Responsoria.</span> 
     </span>
    </p>
   </div>
   <div class='ocr_carea' id='block_1_26' title="bbox 839 1257 1309 1301">
    <p class='ocr_par' dir='ltr' id='par_1_27' title="bbox 839 1257 1309 1301">
     <span class='ocr_line' id='line_1_67' title="bbox 839 1257 1309 1301; baseline -0.002 -8"><span class='ocrx_word' id='word_1_180' title='bbox 839 1286 846 1293; x_wconf 93' lang='lat'>.</span> <span class='ocrx_word' id='word_1_181' title='bbox 872 1257 1044 1294; x_wconf 77' lang='lat' dir='ltr'>Immortali</span> <span class='ocrx_word' id='word_1_182' title='bbox 1066 1270 1179 1301; x_wconf 87' lang='lat' dir='ltr'>sponso</span> <span class='ocrx_word' id='word_1_183' title='bbox 1200 1262 1309 1300; x_wconf 82' lang='lat' dir='ltr'>juncta</span> 
     </span>
    </p>
   </div>
   <div class='ocr_carea' id='block_1_27' title="bbox 872 1307 1417 1487">
    <p class='ocr_par' dir='ltr' id='par_1_28' title="bbox 872 1307 1417 1487">
     <span class='ocr_line' id='line_1_68' title="bbox 872 1307 1358 1348; baseline 0.002 -9"><span class='ocrx_word' id='word_1_184' title='bbox 872 1307 1071 1340; x_wconf 88' lang='lat' dir='ltr'>Pharahildis</span> <span class='ocrx_word' id='word_1_185' title='bbox 1095 1308 1216 1347; x_wconf 88' lang='lat' dir='ltr'>sprevit</span> <span class='ocrx_word' id='word_1_186' title='bbox 1240 1311 1358 1348; x_wconf 86' lang='lat' dir='ltr'>cuncta,</span> 
     </span>
     <span class='ocr_line' id='line_1_69' title="bbox 915 1354 1417 1394; baseline 0.002 -9"><span class='ocrx_word' id='word_1_187' title='bbox 915 1354 999 1392; x_wconf 76' lang='lat' dir='ltr'>Quae</span> <span class='ocrx_word' id='word_1_188' title='bbox 1034 1357 1229 1386; x_wconf 85' lang='lat' dir='ltr'>marcescunt</span> <span class='ocrx_word' id='word_1_189' title='bbox 1261 1357 1417 1394; x_wconf 84' lang='lat' dir='ltr'>tamquam</span> 
     </span>
     <span class='ocr_line' id='line_1_70' title="bbox 1194 1399 1328 1441; baseline 0.007 -10"><span class='ocrx_word' id='word_1_190' title='bbox 1194 1399 1328 1441; x_wconf 74' lang='lat' dir='ltr'>foenum,</span> 
     </span>
     <span class='ocr_line' id='line_1_71' title="bbox 965 1445 1377 1487; baseline 0.002 -8"><span class='ocrx_word' id='word_1_191' title='bbox 965 1447 1011 1479; x_wconf 91' lang='lat' dir='ltr'>Ut</span> <span class='ocrx_word' id='word_1_192' title='bbox 1032 1445 1090 1478; x_wconf 87' lang='lat' dir='ltr'>flos</span> <span class='ocrx_word' id='word_1_193' title='bbox 1115 1448 1182 1487; x_wconf 86' lang='lat' dir='ltr'>agri</span> <span class='ocrx_word' id='word_1_194' title='bbox 1206 1450 1377 1481; x_wconf 89' lang='lat' dir='ltr'>transeunt.</span> 
     </span>
    </p>
   </div>
   <div class='ocr_carea' id='block_1_28' title="bbox 838 1492 1195 1526">
    <p class='ocr_par' dir='ltr' id='par_1_29' title="bbox 838 1492 1195 1526">
     <span class='ocr_line' id='line_1_72' title="bbox 838 1492 1195 1526; baseline 0.006 -2"><span class='ocrx_word' id='word_1_195' title='bbox 838 1518 840 1524; x_wconf 85' lang='lat'>.</span> <span class='ocrx_word' id='word_1_196' title='bbox 868 1492 1043 1525; x_wconf 86' lang='lat' dir='ltr'>Affluentes</span> <span class='ocrx_word' id='word_1_197' title='bbox 1069 1494 1195 1526; x_wconf 84' lang='lat' dir='ltr'>divitias</span> 
     </span>
    </p>
   </div>
   <div class='ocr_carea' id='block_1_29' title="bbox 871 1540 1377 1627">
    <p class='ocr_par' dir='ltr' id='par_1_30' title="bbox 871 1540 1377 1627">
     <span class='ocr_line' id='line_1_73' title="bbox 871 1540 1212 1580; baseline 0.006 -9"><span class='ocrx_word' id='word_1_198' title='bbox 871 1540 915 1571; x_wconf 89' lang='lat' dir='ltr'>Et</span> <span class='ocrx_word' id='word_1_199' title='bbox 939 1540 1058 1580; x_wconf 81' lang='lat' dir='ltr'>regales</span> <span class='ocrx_word' id='word_1_200' title='bbox 1085 1540 1212 1573; x_wconf 86' lang='lat' dir='ltr'>delicias</span> 
     </span>
     <span class='ocr_line' id='line_1_74' title="bbox 916 1586 1377 1627; baseline 0.002 -9"><span class='ocrx_word' id='word_1_201' title='bbox 916 1586 1038 1626; x_wconf 82' lang='lat' dir='ltr'>Sponsa</span> <span class='ocrx_word' id='word_1_202' title='bbox 1062 1586 1179 1619; x_wconf 79' lang='lat' dir='ltr'>Christi</span> <span class='ocrx_word' id='word_1_203' title='bbox 1201 1588 1377 1627; x_wconf 79' lang='lat' dir='ltr'>respuebat.</span> 
     </span>
    </p>
   </div>
   <div class='ocr_carea' id='block_1_30' title="bbox 839 1661 1175 1701">
    <p class='ocr_par' dir='ltr' id='par_1_31' title="bbox 839 1661 1175 1701">
     <span class='ocr_line' id='line_1_75' title="bbox 839 1661 1175 1701; baseline -0.003 -6"><span class='ocrx_word' id='word_1_204' title='bbox 839 1687 845 1695; x_wconf 96' lang='lat'>.</span> <span class='ocrx_word' id='word_1_205' title='bbox 873 1661 910 1693; x_wconf 90' lang='lat' dir='ltr'>In</span> <span class='ocrx_word' id='word_1_206' title='bbox 935 1664 1038 1694; x_wconf 85' lang='lat' dir='ltr'>aetate</span> <span class='ocrx_word' id='word_1_207' title='bbox 1060 1663 1175 1701; x_wconf 86' lang='lat' dir='ltr'>puerili</span> 
     </span>
    </p>
   </div>
   <div class='ocr_carea' id='block_1_31' title="bbox 871 1708 1418 1981">
    <p class='ocr_par' dir='ltr' id='par_1_32' title="bbox 871 1708 1418 1981">
     <span class='ocr_line' id='line_1_76' title="bbox 873 1708 1316 1749; baseline 0 -9"><span class='ocrx_word' id='word_1_208' title='bbox 873 1709 994 1741; x_wconf 85' lang='lat' dir='ltr'>Scholis</span> <span class='ocrx_word' id='word_1_209' title='bbox 1021 1708 1122 1749; x_wconf 85' lang='lat' dir='ltr'>datur,</span> <span class='ocrx_word' id='word_1_210' title='bbox 1147 1709 1203 1741; x_wconf 87' lang='lat' dir='ltr'>sed</span> <span class='ocrx_word' id='word_1_211' title='bbox 1225 1710 1316 1740; x_wconf 76' lang='lat' dir='ltr'>senili</span> 
     </span>
     <span class='ocr_line' id='line_1_77' title="bbox 913 1755 1368 1788; baseline 0.002 -1"><span class='ocrx_word' id='word_1_212' title='bbox 913 1755 1021 1787; x_wconf 84' lang='lat' dir='ltr'>Mente</span> <span class='ocrx_word' id='word_1_213' title='bbox 1044 1755 1145 1787; x_wconf 90' lang='lat' dir='ltr'>Deum</span> <span class='ocrx_word' id='word_1_214' title='bbox 1169 1756 1368 1788; x_wconf 84' lang='lat' dir='ltr'>retractando</span> 
     </span>
     <span class='ocr_line' id='line_1_78' title="bbox 970 1801 1357 1842; baseline 0.005 -9"><span class='ocrx_word' id='word_1_215' title='bbox 970 1801 1137 1840; x_wconf 88' lang='lat' dir='ltr'>Suspirans</span> <span class='ocrx_word' id='word_1_216' title='bbox 1160 1801 1357 1842; x_wconf 85' lang='lat' dir='ltr'>proferebat:</span> 
     </span>
     <span class='ocr_line' id='line_1_79' title="bbox 872 1846 1418 1888; baseline 0 -8"><span class='ocrx_word' id='word_1_217' title='bbox 872 1846 1057 1888; x_wconf 70' lang='lat' dir='ltr'>Concupivit</span> <span class='ocrx_word' id='word_1_218' title='bbox 1089 1849 1202 1881; x_wconf 68' lang='lat' dir='ltr'>&lt;mima</span> <span class='ocrx_word' id='word_1_219' title='bbox 1232 1859 1305 1881; x_wconf 79' lang='lat' dir='ltr'>‘mea</span> <span class='ocrx_word' id='word_1_220' title='bbox 1338 1849 1418 1882; x_wconf 78' lang='lat' dir='ltr'>desi-</span> 
     </span>
     <span class='ocr_line' id='line_1_80' title="bbox 871 1894 1417 1935; baseline 0.004 -9"><span class='ocrx_word' id='word_1_221' title='bbox 871 1895 982 1926; x_wconf 79' lang='lat' dir='ltr'>derare</span> <span class='ocrx_word' id='word_1_222' title='bbox 1008 1894 1254 1935; x_wconf 60' lang='lat' dir='ltr'>„iustificationes</span> <span class='ocrx_word' id='word_1_223' title='bbox 1285 1899 1357 1929; x_wconf 74' lang='lat' dir='ltr'>tuas</span> <span class='ocrx_word' id='word_1_224' title='bbox 1381 1896 1417 1928; x_wconf 71' lang='lat' dir='ltr'>in</span> 
     </span>
     <span class='ocr_line' id='line_1_81' title="bbox 871 1941 1128 1981; baseline 0.008 -9"><span class='ocrx_word' id='word_1_225' title='bbox 871 1941 960 1973; x_wconf 72' lang='lat' dir='ltr'>omni</span> <span class='ocrx_word' id='word_1_226' title='bbox 982 1944 1128 1981; x_wconf 71' lang='lat' dir='ltr'>tempore.</span> 
     </span>
    </p>
   </div>
   <div class='ocr_carea' id='block_1_32' title="bbox 838 2016 1237 2058">
    <p class='ocr_par' dir='ltr' id='par_1_33' title="bbox 838 2016 1237 2058">
     <span class='ocr_line' id='line_1_82' title="bbox 838 2016 1237 2058; baseline 0.003 -10"><span class='ocrx_word' id='word_1_227' title='bbox 838 2040 844 2048; x_wconf 93' lang='lat'>.</span> <span class='ocrx_word' id='word_1_228' title='bbox 870 2016 948 2056; x_wconf 91' lang='lat' dir='ltr'>Deo,</span> <span class='ocrx_word' id='word_1_229' title='bbox 975 2016 1024 2048; x_wconf 86' lang='lat' dir='ltr'>cui</span> <span class='ocrx_word' id='word_1_230' title='bbox 1048 2025 1082 2047; x_wconf 90' lang='lat' dir='ltr'>se</span> <span class='ocrx_word' id='word_1_231' title='bbox 1106 2017 1237 2058; x_wconf 79' lang='lat' dir='ltr'>subegit,</span> 
     </span>
    </p>
   </div>
   <div class='ocr_carea' id='block_1_33' title="bbox 869 2063 1418 2332">
    <p class='ocr_par' dir='ltr' id='par_1_34' title="bbox 869 2063 1418 2332">
     <span class='ocr_line' id='line_1_83' title="bbox 870 2063 1327 2106; baseline 0.004 -12"><span class='ocrx_word' id='word_1_232' title='bbox 870 2063 980 2094; x_wconf 91' lang='lat' dir='ltr'>Votum</span> <span class='ocrx_word' id='word_1_233' title='bbox 1003 2063 1089 2096; x_wconf 88' lang='lat' dir='ltr'>vovit</span> <span class='ocrx_word' id='word_1_234' title='bbox 1110 2073 1168 2096; x_wconf 88' lang='lat' dir='ltr'>nec</span> <span class='ocrx_word' id='word_1_235' title='bbox 1190 2063 1327 2106; x_wconf 80' lang='lat' dir='ltr'>infregit,</span> 
     </span>
     <span class='ocr_line' id='line_1_84' title="bbox 916 2109 1292 2150; baseline 0.005 -9"><span class='ocrx_word' id='word_1_236' title='bbox 916 2110 1106 2150; x_wconf 88' lang='lat' dir='ltr'>Virginalem</span> <span class='ocrx_word' id='word_1_237' title='bbox 1132 2112 1159 2143; x_wconf 91' lang='lat' dir='ltr'>ei</span> <span class='ocrx_word' id='word_1_238' title='bbox 1184 2109 1292 2143; x_wconf 89' lang='lat' dir='ltr'>florem</span> 
     </span>
     <span class='ocr_line' id='line_1_85' title="bbox 962 2158 1322 2193; baseline 0.008 -3"><span class='ocrx_word' id='word_1_239' title='bbox 962 2158 1169 2190; x_wconf 84' lang='lat' dir='ltr'>Praesentare</span> <span class='ocrx_word' id='word_1_240' title='bbox 1193 2160 1322 2193; x_wconf 86' lang='lat' dir='ltr'>studuit.</span> 
     </span>
     <span class='ocr_line' id='line_1_86' title="bbox 870 2202 1418 2244; baseline 0.005 -9"><span class='ocrx_word' id='word_1_241' title='bbox 870 2202 1045 2244; x_wconf 71' lang='lat' dir='ltr'>Adjuvabit</span> <span class='ocrx_word' id='word_1_242' title='bbox 1093 2214 1163 2237; x_wconf 76' lang='lat' dir='ltr'>eam</span> <span class='ocrx_word' id='word_1_243' title='bbox 1200 2205 1289 2238; x_wconf 77' lang='lat' dir='ltr'>Deus</span> <span class='ocrx_word' id='word_1_244' title='bbox 1327 2207 1418 2240; x_wconf 74' lang='lat' dir='ltr'>vultu</span> 
     </span>
     <span class='ocr_line' id='line_1_87' title="bbox 869 2251 1417 2297; baseline 0.005 -15"><span class='ocrx_word' id='word_1_245' title='bbox 869 2260 935 2294; x_wconf 80' lang='lat' dir='ltr'>suo,</span> <span class='ocrx_word' id='word_1_246' title='bbox 962 2251 1053 2285; x_wconf 78' lang='lat' dir='ltr'>Deus</span> <span class='ocrx_word' id='word_1_247' title='bbox 1076 2252 1114 2284; x_wconf 70' lang='lat' dir='ltr'>in</span> <span class='ocrx_word' id='word_1_248' title='bbox 1128 2252 1230 2286; x_wconf 77' lang='lat' dir='ltr'>medio</span> <span class='ocrx_word' id='word_1_249' title='bbox 1248 2253 1324 2297; x_wconf 67' lang='lat' dir='ltr'>effus,</span> <span class='ocrx_word' id='word_1_250' title='bbox 1350 2264 1417 2287; x_wconf 72' lang='lat' dir='ltr'>non</span> 
     </span>
     <span class='ocr_line' id='line_1_88' title="bbox 871 2299 1119 2332; baseline 0.004 -1"><span class='ocrx_word' id='word_1_251' title='bbox 871 2299 1119 2332; x_wconf 72' lang='lat' dir='ltr'>commovebitur.</span> 
     </span>
    </p>
   </div>
  </div>
 </body>
</html>
