1674 2492
651 89 906 126 —157-

268 185 298 215 A
310 184 330 216 d
352 185 615 217 Matutinum.

339 248 549 276 Invitatorium.

203 305 273 347 Eja,
299 304 513 345 Christicolae,

249 350 382 382 Domino
403 351 567 390 jubilando
587 352 700 390 venite,

205 397 264 436 Qui
288 396 495 428 confessorem

250 443 337 475 vexit
360 452 454 483 super
479 445 565 475 astra
590 443 732 476 Goarem.

266 536 311 567 In
338 536 366 568 1.
393 536 616 568 Nocturno.

348 599 539 635 Antiphonae.

170 681 177 688 .
205 656 328 688 Nobilis
352 656 404 687 hic
426 657 561 696 Domini,

252 701 410 733 confessor
434 703 467 734 in
491 703 601 734 ordine
625 703 710 743 cleri,

205 748 348 780 Moribus
374 749 504 788 egregiis

252 794 345 825 decus
370 795 457 825 auxit
479 794 661 827 nobilitatis,

171 872 176 879 .
204 850 314 882 Omnia
340 850 469 881 devotus

248 895 375 928 Domini
397 898 568 936 praecepta
590 899 713 928 secutus

203 942 373 980 Presbyter
398 941 543 981 efficitur,

250 988 322 1026 quia
341 989 459 1020 cunetis
479 989 588 1028 dignus
606 988 747 1020 habetur.

171 1070 178 1078 .
205 1044 407 1082 Contemptor
430 1045 552 1083 patriae

247 1090 401 1121 mercedis
426 1099 531 1122 amore
551 1099 704 1129 supernae

202 1138 267 1169 Iste
290 1136 351 1167 Dei
374 1135 508 1168 famulus

248 1183 329 1223 petit
353 1183 494 1214 exsilium
519 1184 723 1215 venerandus.

341 1256 544 1290 Responsoria.

169 1339 175 1346 .
201 1312 310 1344 Laude
334 1312 401 1344 Deo
427 1313 522 1352 digna

250 1358 441 1390 celebremus
464 1361 568 1390 mente
592 1359 726 1399 benigna

200 1405 290 1437 Haec
314 1404 500 1436 confessoris

246 1451 397 1483 solemnia
417 1460 507 1484 sacra
531 1451 651 1492 Goaris,

203 1499 249 1531 Ut
272 1506 446 1529 mereamur
471 1507 539 1530 eum

246 1552 369 1583 semper
392 1544 509 1576 habere
532 1547 707 1584 patronum,

164 1616 171 1622 .
194 1592 288 1624 Hunc
311 1599 406 1629 prece
429 1591 562 1623 subnixa

245 1637 388 1676 deposcit
412 1639 518 1670 concio
542 1641 658 1671 nostra.

165 1718 172 1726 .
198 1693 260 1724 Hic
283 1692 410 1724 Domini
434 1702 541 1725 servus

242 1747 391 1779 generoso
416 1740 564 1780 sanguine
588 1743 680 1772 natus

199 1786 354 1817 Terrenas
378 1794 469 1817 auras

245 1834 277 1863 et
302 1832 427 1863 divitias
450 1833 607 1871 perituras

198 1879 335 1917 Deserit,
362 1880 397 1909 ut
421 1887 550 1919 regnum

243 1927 401 1956 mereatur
425 1925 515 1958 adire
538 1934 715 1965 supernum,

161 1995 167 2002 .
195 1971 372 2004 Blanditias
396 1972 482 2003 vitae

242 2018 365 2058 fugiens
391 2022 422 2049 et
444 2019 539 2050 noxia
564 2027 712 2058 quaeque.

164 2103 171 2110 .
197 2075 254 2108 Vir
277 2074 404 2106 Domini
428 2077 565 2112 sanctus,

244 2121 348 2154 divino
373 2130 502 2153 munere
525 2121 646 2161 plenus,

198 2169 343 2201 Culturas
369 2171 509 2201 veterum

244 2215 348 2254 coepit
374 2216 523 2249 damnare
548 2215 686 2255 deorum,

194 2264 285 2297 Hanc
308 2261 462 2295 firmando
486 2262 590 2304 fidem,

242 2309 325 2351 quod
349 2309 391 2341 sit
406 2310 491 2345 Deus
508 2318 586 2346 unus
604 2312 635 2343 et
649 2309 743 2342 idem.

804 186 840 218 V.
868 186 985 225 Omnia,
1013 193 1091 225 quae
1117 185 1230 225 docuit,

916 233 1007 264 dictis
1032 232 1183 271 factisque
1206 232 1361 271 probavit.

935 363 981 394 111
1006 364 1036 394 2.
1062 361 1117 392 No
1130 364 1286 394 cturno.

1015 435 1204 469 Antiphonae

815 492 845 524 1.
871 492 929 524 Vir
952 492 1077 523 Domini
1103 491 1212 523 cellam

916 538 1018 569 Rheni
1044 538 1215 569 construxit
1231 539 1271 570 ad
1288 538 1413 580 undam,

872 584 909 615 In
934 593 994 623 qua
1020 585 1163 616 devotum

917 631 1011 662 solvit
1037 629 1158 662 Christo
1183 629 1375 663 famulatum.

838 719 845 725 .
871 695 1009 734 Pervigil
1033 695 1161 734 orando,

913 741 1032 779 jejunia
1058 743 1158 771 castus
1184 741 1315 772 amando

871 786 1016 817 Creditur
1039 787 1211 825 angelicam

916 833 964 863 vir·
990 835 1110 864 sanctus
1137 833 1250 863 ducere
1275 833 1378 864 vitam.

836 921 843 928 .
870 896 956 927 Inter
981 897 1122 933 virtutes,

915 951 989 981 quas
1015 951 1160 974 exercere
1184 944 1314 983 solebat,

870 988 984 1019 Laetus
1010 997 1114 1020 amore
1137 989 1197 1020 Dei

914 1036 1094 1074 peregrinos
1119 1036 1319 1074 suscipiebat.

1008 1136 1209 1170 Responsoria.

837 1226 843 1231 .
870 1201 945 1233 Veri
970 1202 1174 1234 Christicolae

915 1248 1046 1279 virtutes
1068 1257 1130 1279 non
1153 1249 1281 1289 latuere,

870 1293 1012 1333 Namque
1035 1303 1089 1326 suo
1113 1294 1263 1326 Dominus

916 1343 962 1371 est
986 1341 1019 1372 in
1043 1349 1184 1372 sermone
1206 1342 1337 1380 locutus,

869 1386 995 1418 Moenia,
1017 1387 1170 1426 praecelsi

913 1434 1026 1464 montis
1049 1442 1110 1464 non
1135 1442 1227 1472 posse
1251 1434 1388 1474 recondi,

834 1503 841 1511 .
867 1478 921 1510 Sic
944 1479 1124 1519 evangeliea

913 1528 1126 1564 protestantur
1151 1526 1342 1559 documenta.

836 1615 841 1621 .
871 1590 1011 1622 Christus
1038 1591 1077 1623 de
1100 1591 1237 1623 tenebris

912 1638 1015 1669 lumen
1038 1638 1186 1677 perduxit,
1208 1639 1343 1681 honoris,

867 1683 949 1715 Dum
974 1684 1074 1716 sancti
1097 1685 1239 1716 meritum

913 1731 1009 1770 signis
1034 1730 1111 1761 feeit
1133 1731 1340 1773 manifestum,

870 1777 1004 1809 Glaudos
1031 1777 1177 1815 curando,

916 1824 1015 1854 caecis
1039 1823 1141 1855 visum
1164 1825 1358 1863 reparando3

834 1893 841 1900 .
865 1869 927 1900 Hic
951 1870 1064 1900 etenim
1090 1871 1207 1901 cunetis

916 1918 963 1946 est
988 1916 1073 1947 clara
1097 1916 1225 1948 lucerna
1250 1918 1379 1950 decoris.

833 2007 840 2013 .
867 1980 1002 2020 Serpens
1026 1981 1168 2020 antiquus

915 2029 1052 2060 tentator
1077 2030 1108 2058 et
1130 2028 1230 2060 hostis
1254 2030 1387 2070 iniquus,

867 2074 991 2106 Invidia
1016 2076 1136 2115 ductus,

915 2120 1035 2153 fraudis
1059 2121 1126 2153 zelo
1150 2122 1336 2164 stimulatus,

867 2168 938 2200 Non
962 2170 1081 2208 patitur
1104 2171 1244 2201 sanctum

911 2215 1036 2247 Domini
1059 2216 1194 2248 transire
1221 2218 1366 2257 quietum,

830 2286 835 2293 .
863 2261 1044 2295 infestando
1069 2263 1154 2302 pium

912 2318 970 2349 per
993 2310 1098 2342 inania
1119 2311 1216 2343 verba
1238 2313 1399 2345 malorum.
