1679 2491
705 80 934 114 *77-

247 175 293 205 Tc
316 175 520 214 deprecamur
545 175 660 214 cernui,

292 220 438 253 Piissima
460 222 602 260 patrona,

245 266 386 306 Impetra
408 266 499 298 nobis
522 265 642 305 perfrui

291 312 407 344 Tecum
433 313 511 344 coeli
536 321 659 344 corona.

371 406 401 435 A
413 405 432 435 d
455 404 601 436 Horas.

386 467 432 495 Ad
450 468 585 495 Primam.

182 528 220 556 A.
248 524 342 561 Quasi
366 524 458 556 stella
481 523 641 562 matutina,

247 569 344 607 Quam
366 570 506 602 illustrat
528 570 582 600 lux
608 569 723 608 divina,

247 618 285 648 In
311 618 463 647 conventu
488 624 554 647 cum
580 618 730 646 concentu

244 661 392 693 Bilbildis
417 661 595 692 coelestium

247 707 373 739 Gaudet
394 707 600 738 luminarium.

385 769 430 796 Ad
448 771 584 797 Tertiam.

176 818 217 849 A.
242 816 351 847 Nobili
376 816 415 847 <le
439 824 552 855 genere

245 862 361 894 Sancta
382 862 442 893 Dei
464 862 622 901 Bilbildis,

914 173 1060 206 Nobilior
1082 173 1146 206 fide
1170 174 1297 212 Christi,

916 219 1109 259 Contempsit
1130 220 1238 251 mundi
1263 220 1392 259 gloriam

914 266 1092 305 Meruitque
1116 265 1256 298 obtinere

917 312 1066 344 Coelestis
1089 313 1196 351 sponsi
1219 312 1360 351 gratiam.

1060 393 1106 421 Ad
1125 394 1248 421 Sextam.

850 451 888 483 A.
913 452 998 490 Quae
1023 451 1092 481 dum
1116 449 1172 488 pia
1192 452 1295 481 mente

959 495 1067 528 Oleum
1091 495 1284 534 sumpsisset,

915 542 1035 581 sponso
1060 550 1130 572 cum
1154 540 1358 580 prudentibus

959 587 1088 620 Obviam
1114 588 1218 619 exivit.

1058 668 1104 695 Ad
1122 669 1244 696 Nonam.

847 725 885 755 A.
914 724 1005 755 Circa
1028 724 1135 755 horam
1159 733 1271 755 nonam

956 768 1092 800 fidenter
1116 770 1264 808 exspirat,

911 815 1116 854 Margaritam
1140 815 1253 846 bonam

958 869 1080 892 sursum
1103 869 1208 892 secum
1232 863 1333 901 gyrat.

251 941 334 967 Brev.
354 948 406 967 ms.
424 939 537 967 Veteris
551 939 721 966 Monasterii
741 946 814 966 saec.
837 936 879 965 16.
909 937 977 965 eod.
990 938 1152 974 Mag‘untin.
1173 936 1217 965 96.
1231 951 1266 957 —-
1281 938 1316 964 In
1335 936 1360 966 2.
1375 938 1459 965 ffloct.

176 975 199 1002 Α
223 974 254 1010 3,
285 975 299 1003 1
324 978 416 1003 status
444 976 603 1003 convivalis
626 976 681 1003 Hs.
701 990 737 994 —
761 973 784 1001 Α
809 973 841 1008 5,
869 973 885 1001 l.
904 975 967 1001 Aue
992 974 1104 1010 fulgens
1123 975 1177 1002 Hs.
1198 989 1234 994 -—
1253 972 1274 1001 Β
1295 973 1327 1006 3,
1355 973 1372 996 9
1400 975 1462 1001 exit

175 1014 282 1040 rationi
296 1014 350 1041 Hs.
369 1027 407 1033 --
425 1013 461 1041 In
479 1010 506 1039 3.
520 1013 602 1040 Noet.
622 1011 645 1038 Α
665 1012 703 1040 ad
715 1012 835 1039 Cantica
848 1011 974 1039 dieselbe
992 1012 1048 1038 wie
1060 1011 1096 1038 In
1117 1010 1139 1038 1.
1153 1012 1240 1046 Vesp.
1260 1011 1298 1038 ad
1309 1012 1405 1047 Magn.
1420 1025 1456 1029 -

174 1051 210 1078 In
228 1051 320 1077 Laud.
341 1049 433 1084 Super
451 1050 499 1077 Ps.
519 1049 558 1083 Α,
587 1047 601 1076 1
622 1049 750 1077 Laudem
769 1049 822 1076 Hs.
843 1062 880 1067 -—
898 1048 934 1075 In
954 1046 980 1074 2.
1000 1048 1086 1082 Vesp.
1113 1049 1149 1075 ad
1168 1049 1265 1083 Magn.
1287 1049 1310 1075 Α
1331 1048 1458 1076 dieselbe

174 1089 230 1114 wie
256 1087 292 1113 ad
310 1086 416 1114 Bened.
437 1101 473 1106 —
490 1086 599 1122 Einige
618 1089 729 1121 wenige
747 1086 911 1113 Bruchteile
930 1085 1023 1112 dieses
1044 1085 1189 1113 Officiums
1208 1085 1300 1113 bietet
1319 1085 1392 1113 auch
1411 1084 1461 1112 die

174 1124 334 1152 Kfflnizehe
352 1123 514 1151 Handschr.
535 1121 579 1151 28.
600 1125 647 1151 ein
665 1122 833 1151 Gebetbuch
851 1122 901 1149 <les
923 1120 966 1149 15.
986 1121 1206 1149 Jahrhumlerts.

620 1227 665 1256 27.
703 1226 746 1256 De
765 1226 871 1255 sancto
891 1224 1015 1255 Blaano.

312 1305 359 1336 In
385 1305 416 1338 1.
442 1304 654 1343 vesperis.

359 1367 451 1403 Super
466 1368 606 1394 Psalmos.

174 1424 216 1457 A.
242 1424 434 1455 Psalmorum
458 1424 611 1462 modulos,

289 1470 402 1501 devota
426 1469 556 1506 cantica,

241 1516 335 1548 Plebs
360 1516 450 1547 laetis
475 1515 629 1547 mentibus

286 1564 404 1602 pangat
429 1563 581 1593 catholica

241 1609 311 1648 Die,
338 1617 398 1647 quo
422 1608 583 1639 transtulit

286 1656 327 1686 ad
351 1663 448 1693 regna
472 1655 588 1686 coelica

240 1701 351 1733 Blaani
375 1700 520 1739 spiritum

285 1747 424 1786 phalanx
448 1747 598 1786 angelica.

360 1814 407 1841 Aa
424 1814 600 1849 Magnifieat.

174 1866 213 1899 A.
241 1865 335 1897 Salve
359 1874 479 1905 gemma

288 1911 430 1943 coelestis
454 1912 574 1951 gratiae

238 1958 481 1992 Dumblanensis

285 2004 412 2045 praesul
436 2005 596 2042 ecclesiae,

239 2052 331 2084 Salve
357 2052 450 2083 decus

284 2102 314 2130 et
338 2098 435 2130 robur
457 2099 590 2140 patriae,

237 2147 320 2180 Juva
342 2154 399 2177 nos
423 2145 456 2176 in

282 2193 366 2224 valle
388 2191 534 2223 miseriae

237 2239 362 2271 Ducens
388 2242 489 2270 tecum

283 2286 324 2318 ad
348 2288 483 2318 montem
508 2284 635 2323 gloriae.

978 1302 1039 1333 Ad
1063 1301 1322 1333 Matutinum.

1043 1370 1252 1396 Invitatofium.

909 1435 1052 1467 Christus
1075 1435 1232 1473 adoretur,

952 1480 1070 1520 jubilus
1095 1481 1189 1512 corde
1213 1481 1397 1521 cumuletur,

910 1526 974 1565 Quo
999 1530 1071 1558 sunt
1093 1527 1262 1566 praecipua

954 1571 1045 1613 festa,
1071 1573 1198 1612 Blaane,
1222 1577 1284 1604 tua.

977 1703 1020 1734 In
1045 1703 1076 1735 1.
1101 1701 1159 1733 No
1171 1703 1326 1733 oturno.

1051 1769 1242 1804 Antiphonae.

852 1837 882 1868 1.
907 1834 1023 1874 Legem
1047 1835 1107 1865 Dei
1134 1834 1311 1873 meditatur,

909 1879 1002 1919 CuJ'us
1025 1888 1120 1918 prece
1142 1881 1309 1912 suscitatur

908 1925 1090 1965 Defunctus,
1118 1927 1170 1966 qui
1193 1926 1382 1965 sequebatur

953 1973 1070 2013 Ipsum,
1099 1973 1197 2005 donec
1220 1973 1348 2005 viveret.

850 2049 881 2079 2.
906 2046 989 2079 Dum
1012 2048 1115 2086 ignem
1140 2048 1352 2086 exstinguerat

953 2094 1034 2125 livor
1057 2094 1273 2134 malignorum,

908 2141 991 2172 Puer
1014 2139 1089 2171 flatu
1114 2140 1259 2172 confovet

955 2195 1105 2218 summum
1131 2187 1306 2227 digitorum,

905 2233 983 2265 Mox
1006 2233 1160 2265 scintillae
1182 2235 1307 2275 saliunt,

952 2281 1057 2312 lumen
1082 2279 1145 2312 fert
1167 2281 1200 2313 in
1227 2281 1363 2315 chorum.
