1674 2492
645 62 804 96 —231
855 81 901 86 -

215 154 298 181 Brev.
319 162 371 180 ms.
391 154 558 190 Tungrense
577 163 650 182 saec.
673 152 714 182 15.
749 154 815 182 Corl.
837 154 941 183 Semin.
962 154 1095 182 Leodien.
1117 151 1133 180 6
1147 153 1177 180 M
1190 150 1216 178 2.
1235 153 1269 180 A.
1284 168 1320 172 —
1333 152 1415 180 Brev.

139 199 190 217 mu.
210 191 377 226 Tangi-ense
405 200 479 219 saee-
506 190 550 219 15.
583 191 651 220 Ood.
670 192 881 219 Darmstadien.
906 189 970 219 394.
992 192 1022 220 Β.
1041 205 1078 209 —-
1097 191 1198 217 Dium.
1226 198 1278 217 ms.
1296 189 1416 217 Met-hli-

139 229 239 255 niense
252 236 324 256 saec.
340 226 382 256 15.
404 228 471 256 Cod.
485 229 615 257 Archivii
632 229 797 257 Gandaven.
816 227 877 257 100.
893 229 922 257 Ο.
938 244 972 248 -
986 229 1068 257 Brev.
1079 229 1107 255 S.
1119 227 1242 256 Guclilac
1252 226 1414 255 Bruxellen.

138 266 205 301 imp.
225 265 346 293 Parisiis
368 263 448 293 1516.
469 267 503 294 D.

214 312 250 339 In
272 310 296 339 1.
315 312 397 339 Noct.
424 310 446 338 Α
473 310 506 346 3,
533 311 551 339 2
572 312 707 340 Crescens
730 313 761 340 in
779 313 815 340 D.
840 328 873 332 —
890 314 926 340 In
945 311 970 339 2.
991 312 1072 339 Noet.
1093 309 1116 337 Α
1139 311 1167 345 1,
1197 310 1210 337 1
1231 311 1302 338 Ortu
1322 311 1416 337 carnis

139 357 276 384 generoso
304 349 339 376 D.
362 363 394 368 —-
419 347 437 374 R
466 347 498 382 2,
525 348 542 377 3
568 351 745 386 paupertatis
765 350 800 377 D.
820 364 858 369 —
875 350 910 377 In
929 347 955 377 3.
976 350 1057 377 Noct.
1081 346 1101 376 R
1125 347 1152 383 1,
1180 346 1197 374 2
1218 348 1307 376 Dolor
1326 348 1359 374 Α.
1379 362 1417 367 —

140 386 185 414 Au
202 386 317 414 Laudes
337 384 359 412 Α
382 385 407 420 1,
427 385 447 414 4
466 387 581 415 diversa
601 388 689 414 maris
710 387 739 415 Ο.
760 401 795 405 -—
817 384 840 414 Α
859 385 885 421 4,
907 385 923 413 6
945 387 1017 414 adiit
1034 387 1070 414 D.

564 522 611 553 89.
649 523 692 553 De
712 524 817 554 sancto
838 520 992 553 Severino.

282 610 327 641 In
353 610 383 642 1.
408 609 617 648 vesperis.

328 683 373 712 Ad
392 682 567 718 Magnificat.

142 741 181 772 A.
209 739 355 772 Justiliae
381 740 489 777 cultor,

254 786 367 818 Christi
375 793 494 825 quoquc
502 794 624 825 semper
633 788 751 818 amator

208 832 299 864 Nunc
323 832 457 870 olimque
481 833 533 862 tua

250 887 306 910 nos
330 878 447 917 pietate
467 878 553 918 juva,

206 924 349 956 Exorans
371 932 475 963 regem

250 980 307 1010 pro
332 970 421 1002 nobis
447 972 557 1002 cuncta
580 971 747 1009 regentem,

207 1016 252 1050 Ut
275 1018 339 1048 vita
365 1017 443 1049 coeli

253 1064 316 1102 det,
342 1063 499 1102 Somne,
524 1061 599 1095 frui.

273 1202 332 1235 Ad
355 1202 616 1234 Matutinum.

344 1275 554 1303 Invitatorium.

208 1332 413 1365 Adorabilem
437 1331 647 1363 collaudemus

255 1379 430 1419 Dominum,
457 1378 543 1416 cnjus
568 1377 669 1417 gratia

209 1427 369 1459 Scandens
394 1427 475 1457 astra
503 1423 669 1455 Severinus

255 1471 424 1504 Decoravit
447 1470 583 1502 aethera,

274 1602 321 1633 In
345 1601 376 1634 1.
402 1600 627 1633 Nocturno.

354 1675 546 1710 Antiphouae.

154 1733 184 1766 1.
212 1733 345 1764 Sanctus
369 1732 430 1763 Dei
454 1731 631 1769 Severinus‚

214 1778 348 1811 Coelesti
373 1779 489 1809 virtute
513 1780 630 1819 auctus,

210 1824 330 1857 Mundo
355 1823 416 1855 fuit
438 1823 629 1863 percelebris

213 1871 389 1904 Virtutibus
413 1868 562 1902 mirificis.

153 1940 185 1971 Εὐ

211 1937 275 1970 Hie
298 1937 392 1976 longa
414 1944 492 1974 pace
516 1934 628 1966 nobilis

213 1985 295 2017 Dum
319 1983 384 2014 vita
409 1990 509 2013 comes
536 1980 663 2019 exstitit,

211 2030 374 2064 Ecclesiae
398 2029 592 2062 Coloniensis

211 2078 354 2110 Eximius
378 2075 505 2117 praesul
530 2074 599 2106 fuit.

153 2146 182 2177 3.
210 2143 311 2176 Nocte
336 2141 469 2182 quadam
492 2142 679 2178 intempesta

209 2191 290 2223 Dum
316 2189 420 2228 sopori
447 2187 533 2221 dedit
558 2187 707 2227 membra,

212 2238 295 2269 Voce
317 2236 411 2269 discit
430 2235 588 2276 angelica:

213 2285 314 2318 Exsul
336 2282 393 2315 fies
416 2282 628 2322 Burdigalam.

1012 607 1213 643 Responsoria.

818 674 849 707 1.
875 674 1006 705 Sanctus
1030 676 1120 712 pater
1145 673 1320 712 severinus,

874 720 1065 752 Coloniensis
1089 720 1263 758 episcopus,

873 766 954 797 Dum
979 765 1043 797 vita
1064 774 1164 797 comes
1189 765 1319 805 exstitit,

871 812 992 843 Mundo
1016 810 1076 842 fuit
1099 811 1290 850 percelebris

875 858 1050 889 Virtutibus
1074 856 1223 896 mirificis,

807 903 846 935 V.
869 904 972 943 Digne
994 904 1173 935 ministrans
1197 903 1329 934 Domino

874 951 909 982 In
935 958 990 982 suo
1016 950 1184 989 episcopio.

818 1027 848 1056 2.
876 1024 950 1056 Post
973 1024 1085 1055 multos
1110 1024 1235 1055 tandem
1260 1022 1392 1063 labores,

875 1069 992 1108 Quibus
1016 1069 1140 1101 Christo
1165 1069 1258 1109 <ligne
1281 1069 1396 1108 placet,

876 1116 976 1148 Nocte
999 1117 1132 1156 quadam
1154 1116 1343 1155 intempesta

872 1163 953 1194 Dum
978 1163 1084 1201 sopori
1110 1162 1197 1194 (ledit
1218 1161 1368 1203 membra,

876 1209 1033 1241 Divinitas
1058 1209 1252 1244 admonetur,

878 1255 972 1286 Suam
996 1255 1151 1295 relinquat
1174 1255 1306 1294 patriam

877 1302 920 1333 Et
944 1302 1037 1333 adeat,
1059 1301 1271 1340 Burdigalam.

813 1348 849 1380 V.
875 1349 1023 1379 Attentus
1048 1347 1146 1379 bonus
1171 1347 1300 1378 vernula

877 1395 970 1427 Jussa
994 1396 1099 1432 stupet
1124 1393 1280 1425 dominica

880 1441 1051 1480 Certusque
1074 1448 1149 1471 suae
1165 1442 1423 1471 remunerationls

877 1487 971 1519 Paret
976 1489 1047 1518 voto
1055 1487 1085 1517 di
1090 1486 1421 1526 vinaepracceptioniS.

821 1564 851 1595 3.
878 1561 1023 1594 Festinus
1048 1561 1109 1592 iter
1133 1560 1246 1599 arripit

877 1608 1141 1647 Burdigalamque
1166 1608 1293 1646 expetit,

877 1655 927 1686 Ab
951 1655 1096 1693 episcopo
1121 1654 1263 1685 Amando

881 1701 1057 1740 Suscipitur
1081 1709 1149 1731 cum
1174 1700 1295 1740 gaudio.

815 1749 851 1780 V.
880 1747 987 1779 Clerus
1012 1747 1150 1778 occurrit
1170 1746 1308 1786 jubilans

877 1794 921 1825 Et
944 1793 1077 1832 populus
1103 1793 1330 1833 congratulans,

878 1840 1001 1872 Dantur
1024 1839 1133 1871 laudes
1158 1840 1190 1870 in
1216 1839 1345 1871 excelsis

878 1887 939 1918 Pro
964 1886 1100 1917 adventu
1126 1885 1205 1917 tanti
1229 1886 1339 1925 patris.

943 2006 988 2038 In
1013 2007 1042 2038 2.
1070 2008 1295 2039 Nocturno.

1024 2080 1214 2117 Antiphonae.

824 2139 853 2173 1.
882 2138 1022 2170 Tandem
1046 2140 1189 2178 pervenit
1211 2140 1251 2171 ad
1276 2139 1395 2177 urbem,

880 2186 975 2225 Quam
1000 2186 1138 2217 vocitant
1161 2186 1373 2229 Burdigalam,

878 2233 975 2272 Quam
1000 2235 1074 2264 tunc
1097 2234 1224 2273 regebat
1247 2232 1392 2273 pontifex

879 2280 1039 2312 Amandus
1068 2289 1138 2312 caro
1163 2281 1296 2313 nomine.
