1656 2491
687 56 821 90 —52

171 155 207 187 V.
232 154 372 186 Multum
409 154 493 185 enim
521 151 603 183 valet
631 150 670 180 in
699 157 771 180 con—

234 202 339 239 spectu
354 198 491 231 Domini
508 195 679 237 deprecatio
691 193 774 232 justi

236 246 374 277 assidua.

202 334 208 340 .
232 308 296 341 Hic
316 316 408 339 verus
432 306 574 338 Israelita

233 354 325 386 Miris
348 353 442 391 signis
464 354 567 382 stante
588 350 655 381 vita

285 399 391 430 Coram
416 397 507 435 plebe
531 394 650 433 claruit,

236 444 352 483 Regem
374 442 506 473 Attilam
531 440 653 479 delusit,

234 490 347 522 Hostes
371 486 481 518 baculo
507 486 645 526 exclusit,

280 533 362 565 Dum
385 532 475 571 plebs
499 532 618 571 guerris
640 529 731 562 aruit.

171 580 207 612 V.
231 579 296 611 Iste
313 587 440 618 pauper
463 577 625 618 clamavit,
656 579 683 607 et
705 576 773 608 Do-

232 625 339 656 minus
365 623 524 655 exaudivit
546 632 625 654 eum.

180 311 198 342 10

180 691 209 722 3.
234 688 338 720 Hodie
360 691 569 727 patronorum,

235 734 311 765 Flos
336 738 367 764 et
391 734 484 764 decus
507 735 676 771 auctorum,

238 781 337 810 Autor
360 779 394 810 in
415 779 508 810 terris
530 779 670 816 moritur,

238 827 276 856 111
301 825 393 855 coelis
418 827 519 855 tamen
543 824 650 861 oritur,

244 870 365 902 Christo
386 870 510 907 junctus
534 870 567 899 in
590 869 688 907 gloria

237 916 300 946 Pro
325 916 441 946 saeculi
464 914 602 946 victoria.

175 961 213 993 V.
240 960 398 1001 Quoniam
421 960 597 1002 ingreditur
618 959 687 991 sine
709 967 779 990 ma-

241 1005 312 1037 cula
336 1009 364 1037 et
387 1008 536 1044 operatur
554 1004 724 1044 justitiam.

305 1124 349 1155 In
375 1125 406 1156 3.
432 1123 488 1154 No
499 1126 651 1154 cturno.

385 1184 574 1220 Antiphonae.

189 1252 219 1283 1.
243 1252 343 1282 Autor
366 1249 468 1282 fautor
492 1250 534 1281 sis
558 1249 690 1289 illorum,

249 1297 306 1334 Qui
327 1299 360 1326 te
381 1296 440 1327 rite
462 1294 568 1327 florem
592 1294 700 1327 florum

247 1341 360 1373 Colunt
380 1342 464 1372 horis
485 1341 644 1372 matutinis

247 1386 347 1425 Digne
371 1386 509 1417 cantibus
536 1386 657 1420 divinis

193 1452 223 1483 2.
249 1449 310 1481 Hic
333 1450 401 1488 pius
426 1450 553 1481 antistes

295 1504 351 1527 nos
372 1493 518 1526 laetificat
543 1495 621 1526 bene
643 1496 758 1535 tristes,

250 1540 333 1572 Nam
357 1549 450 1579 prece
475 1541 546 1572 dum
569 1541 689 1580 plaudit

297 1595 382 1626 gens,
408 1589 531 1618 orantes
554 1587 624 1626 pius
647 1587 744 1619 audit.

196 1652 228 1683 3.
251 1650 390 1682 Pastoris
414 1649 514 1681 forma

297 1696 374 1735 legis
390 1695 459 1735 iste,
476 1696 535 1727 Dei
552 1705 671 1736 quoque
686 1706 794 1729 norma

254 1741 399 1774 Treviros
422 1742 513 1781 rexit,

300 1789 372 1826 post
385 1788 465 1819 haec
478 1789 627 1819 mundum
638 1788 708 1827 pius
722 1789 795 1821 exit.

391 1860 593 1896 Responsoria‚

204 1917 233 1948 1.
258 1916 406 1947 Laetetur
431 1917 508 1947 coeli
531 1917 625 1956 regio,

260 1960 440 1992 Sanctorum
463 1962 594 2000 plaudat
615 1963 696 2001 legio

258 2007 306 2037 De
329 2007 447 2038 Autore
471 2009 603 2047 egregio,

261 2053 356 2092 Quem
383 2057 490 2085 auctor
513 2055 545 2085 in
571 2055 753 2086 coelestibus

258 2099 440 2138 ,Assumpsit
465 2099 503 2130 de
528 2100 726 2132 terrestribus

259 2144 395 2176 Exutum
417 2146 526 2177 mundi
548 2147 696 2179 vestibus.

836 150 867 181 2.
893 147 1002 179 Gaude
1027 148 1058 177 et
1080 146 1208 184 laetare,

939 193 1090 224 Praesens
1114 200 1204 222 sacra
1236 189 1355 228 civitas,

893 239 975 269 Nam
1000 237 1133 276 refulget
1157 237 1241 268 clare

939 283 1097 315 Praesulis
1120 281 1285 320 festivitas

896 330 953 368 Qui
978 333 1009 360 te
1034 328 1152 360 cunctis
1176 325 1357 366 praeelegit,

894 376 982 414 Quod
1006 375 1091 405 Deus
1115 374 1148 404 in
1171 373 1240 412 ipso
1266 372 1338 412 egit,

828 421 867 453 V.
892 420 1019 452 Memor
1063 418 1315 459 congregationis
1353 423 1441 454 suae,

899 475 998 504 quam
1016 465 1158 504 possedit
1181 465 1221 495 ab
1244 463 1351 495 initia

839 523 870 553 3.
897 520 921 552 Ο
947 522 1058 551 auctor
1082 527 1200 550 summe
1225 518 1392 557 coelorum,

898 566 956 603 Qui
979 565 1131 596 Autorem
1155 563 1356 595 Trevirorum

896 612 959 643 Pro
984 611 1085 642 salute
1112 610 1167 641 das
1193 611 1325 647 tuorum,

894 657 933 688 In
957 656 1021 687 suis
1045 665 1102 687 nos
1126 655 1285 686 miraculis

897 704 927 734 A
952 703 1071 733 cunctis
1096 701 1213 733 munda
1235 699 1365 731 maculis

898 748 942 779 Et
965 748 1063 779 hostis
1086 748 1178 786 pravi
1198 746 1322 785 jaculis.

833 794 872 826 V.
897 794 1054 834 Egressus
1079 796 1124 825 est
1148 792 1233 823 enim
1254 791 1292 823 in
1314 790 1448 823 salutem

895 837 1012 878 populi
1033 839 1084 870 tui
1108 848 1180 870 cum
1206 837 1331 870 Christo
1355 839 1421 869 tuo.

989 948 1006 980 Ι
1014 958 1035 979 11
1067 948 1094 978 L
1104 958 1123 979 a
1132 957 1150 978 u
1162 949 1180 979 d
1189 948 1200 977 i
1209 948 1228 979 b
1237 957 1257 979 u
1266 956 1290 979 S.

1045 1011 1236 1047 Antiphonae.

846 1068 875 1099 1.
902 1068 1003 1098 Autor
1026 1069 1062 1097 ut
1085 1066 1188 1105 palma
1210 1065 1336 1097 florebit

953 1112 1028 1143 Cum
1054 1111 1186 1143 Domino
1211 1112 1355 1152 glorioso,

904 1158 1057 1189 Coronam
1082 1158 1161 1188 enim
1185 1157 1314 1189 habebit

947 1202 996 1234 De
1018 1203 1126 1242 lapide
1151 1204 1298 1241 pretioso.

850 1260 881 1292 2.
906 1258 943 1289 In
968 1259 1087 1297 gratiae
1109 1258 1224 1297 pabulo

950 1312 984 1334 se
1007 1303 1186 1343 pontificem
1210 1304 1282 1342 quia
1306 1303 1411 1343 gessit,

906 1349 1040 1381 Devicto
1065 1350 1175 1381 zabulo

955 1395 994 1426 de
1017 1395 1126 1426 mundi
1151 1404 1243 1426 carne
1266 1396 1406 1426 recessit.

855 1451 885 1482 3.
911 1449 1006 1489 Deus,
1030 1449 1116 1481 Deus
1140 1459 1236 1489 meus,
1261 1450 1306 1480 tui

956 1495 1009 1526 Ad
1033 1498 1065 1526 te
1090 1496 1129 1526 de
1151 1496 1221 1527 luce
1244 1496 1386 1536 vigilant,

909 1541 956 1573 Ut
977 1541 1071 1572 beato
1095 1544 1210 1580 queant
1233 1540 1308 1580 frui,

955 1586 1116 1618 Laudibus
1139 1588 1189 1618 cui
1208 1588 1355 1625 jubilant.

854 1643 886 1674 4.
911 1640 1103 1673 Benedicent
1126 1642 1229 1673 omnia

957 1687 1024 1719 Deo
1047 1688 1107 1719 Dei
1129 1697 1233 1729 opera,

914 1733 972 1772 Qui
997 1733 1145 1765 Gertrudi
1168 1736 1288 1766 somnia

959 1779 1045 1811 Mira
1070 1779 1158 1811 <ledit
1180 1789 1285 1820 opera,

916 1826 962 1857 Ut
985 1828 1067 1856 esset
1089 1823 1200 1857 datura

917 1870 1015 1902 Nobis
1039 1872 1141 1902 sancti
1165 1880 1264 1906 crura.

862 1927 892 1959 5.
917 1926 1060 1958 Laudate
1082 1925 1249 1958 Dominum
1274 1928 1312 1959 de
1337 1929 1430 1961 caelis

964 1971 1188 2004 Devotionibus
1214 1974 1314 2013 celsis,

920 2018 979 2056 Qui
1001 2019 1149 2050 Amorem
1174 2019 1255 2051 coeli
1277 2020 1355 2052 velis

968 2063 1188 2096 Circumcinxit
1210 2066 1244 2097 in
1268 2067 1409 2099 excelsis.

1028 2137 1074 2164 Ad
1092 2137 1274 2167 Benedictus.

195 2190 235 2222 V.
258 2190 384 2222 Placita
406 2192 490 2223 enim
513 2196 580 2224 erat
595 2193 663 2225 Deo
689 2193 801 2225 anima
854 2193 894 2227 A.
918 2193 1088 2225 Benedicto
1115 2195 1194 2226 dono
1219 2195 1280 2228 Dei

262 2236 357 2270 illius.

921 2240 983 2270 Hic
1007 2242 1162 2272 exsultent
1185 2250 1294 2282 greges
1319 2244 1396 2284 regi,
