<?xml version="1.0" encoding="UTF-8"?>
<!DOCTYPE html PUBLIC "-//W3C//DTD XHTML 1.0 Transitional//EN"
    "http://www.w3.org/TR/xhtml1/DTD/xhtml1-transitional.dtd">
<html xmlns="http://www.w3.org/1999/xhtml" xml:lang="en" lang="en">
 <head>
  <title>
</title>
<meta http-equiv="Content-Type" content="text/html;charset=utf-8" />
  <meta name='ocr-system' content='tesseract 3.04.00' />
  <meta name='ocr-capabilities' content='ocr_page ocr_carea ocr_par ocr_line ocrx_word'/>
</head>
<body>
  <div class='ocr_page' id='page_1' title='image "./analectahymnica13drevuoft_00179.png"; bbox 0 0 1656 2491; ppageno 0'>
   <div class='ocr_carea' id='block_1_1' title="bbox 725 69 983 105">
    <p class='ocr_par' dir='ltr' id='par_1_1' title="bbox 725 69 983 105">
     <span class='ocr_line' id='line_1_1' title="bbox 725 69 983 105; baseline -0.012 1"><span class='ocrx_word' id='word_1_1' title='bbox 725 69 983 105; x_wconf 83' lang='lat'>-176—</span> 
     </span>
    </p>
   </div>
   <div class='ocr_carea' id='block_1_2' title="bbox 365 171 710 268">
    <p class='ocr_par' dir='ltr' id='par_1_2' title="bbox 365 171 710 268">
     <span class='ocr_line' id='line_1_2' title="bbox 365 171 710 204; baseline -0.017 0"><span class='ocrx_word' id='word_1_2' title='bbox 365 173 410 204; x_wconf 85' lang='lat' dir='ltr'>In</span> <span class='ocrx_word' id='word_1_3' title='bbox 435 171 464 203; x_wconf 85' lang='lat'>1.</span> <span class='ocrx_word' id='word_1_4' title='bbox 490 171 710 202; x_wconf 81' lang='lat' dir='ltr'>Nocturno.</span> 
     </span>
     <span class='ocr_line' id='line_1_3' title="bbox 444 234 631 268; baseline -0.021 -7"><span class='ocrx_word' id='word_1_5' title='bbox 444 234 631 268; x_wconf 73' lang='lat' dir='ltr'>Antiphonae.</span> 
     </span>
    </p>
   </div>
   <div class='ocr_carea' id='block_1_3' title="bbox 253 286 699 326">
    <p class='ocr_par' dir='ltr' id='par_1_3' title="bbox 253 286 699 326">
     <span class='ocr_line' id='line_1_4' title="bbox 253 286 699 326; baseline -0.02 0"><span class='ocrx_word' id='word_1_6' title='bbox 253 295 279 326; x_wconf 78' lang='lat'>1.</span> <span class='ocrx_word' id='word_1_7' title='bbox 303 294 368 326; x_wconf 81' lang='lat' dir='ltr'>Iste</span> <span class='ocrx_word' id='word_1_8' title='bbox 391 293 514 323; x_wconf 81' lang='lat' dir='ltr'>sanctus</span> <span class='ocrx_word' id='word_1_9' title='bbox 536 297 598 320; x_wconf 87' lang='lat' dir='ltr'>non</span> <span class='ocrx_word' id='word_1_10' title='bbox 622 286 699 318; x_wconf 80' lang='lat' dir='ltr'>abiit</span> 
     </span>
    </p>
   </div>
   <div class='ocr_carea' id='block_1_4' title="bbox 304 333 716 466">
    <p class='ocr_par' dir='ltr' id='par_1_4' title="bbox 304 333 716 466">
     <span class='ocr_line' id='line_1_5' title="bbox 348 333 678 376; baseline -0.015 -7"><span class='ocrx_word' id='word_1_11' title='bbox 348 338 515 376; x_wconf 78' lang='lat' dir='ltr'>Impiorum</span> <span class='ocrx_word' id='word_1_12' title='bbox 540 333 678 373; x_wconf 85' lang='lat' dir='ltr'>concilio,</span> 
     </span>
     <span class='ocr_line' id='line_1_6' title="bbox 304 379 683 420; baseline -0.013 -5"><span class='ocrx_word' id='word_1_13' title='bbox 304 383 365 415; x_wconf 85' lang='lat' dir='ltr'>Sed</span> <span class='ocrx_word' id='word_1_14' title='bbox 391 383 450 420; x_wconf 84' lang='lat' dir='ltr'>die,</span> <span class='ocrx_word' id='word_1_15' title='bbox 475 383 564 412; x_wconf 84' lang='lat' dir='ltr'>nocte</span> <span class='ocrx_word' id='word_1_16' title='bbox 586 379 683 411; x_wconf 88' lang='lat' dir='ltr'>subiit</span> 
     </span>
     <span class='ocr_line' id='line_1_7' title="bbox 351 424 716 466; baseline -0.011 -6"><span class='ocrx_word' id='word_1_17' title='bbox 351 430 462 461; x_wconf 81' lang='lat' dir='ltr'>Sacrae</span> <span class='ocrx_word' id='word_1_18' title='bbox 486 427 562 466; x_wconf 86' lang='lat' dir='ltr'>legis</span> <span class='ocrx_word' id='word_1_19' title='bbox 587 424 716 464; x_wconf 81' lang='lat' dir='ltr'>eloquio.</span> 
     </span>
    </p>
   </div>
   <div class='ocr_carea' id='block_1_5' title="bbox 252 482 706 517">
    <p class='ocr_par' dir='ltr' id='par_1_5' title="bbox 252 482 706 517">
     <span class='ocr_line' id='line_1_8' title="bbox 252 482 706 517; baseline -0.015 0"><span class='ocrx_word' id='word_1_20' title='bbox 252 487 281 517; x_wconf 85' lang='lat'>2.</span> <span class='ocrx_word' id='word_1_21' title='bbox 307 485 367 517; x_wconf 87' lang='lat' dir='ltr'>Hic</span> <span class='ocrx_word' id='word_1_22' title='bbox 390 493 409 514; x_wconf 82' lang='lat' dir='ltr'>a</span> <span class='ocrx_word' id='word_1_23' title='bbox 432 483 497 515; x_wconf 83' lang='lat' dir='ltr'>Deo</span> <span class='ocrx_word' id='word_1_24' title='bbox 525 482 706 513; x_wconf 79' lang='lat' dir='ltr'>constitutus</span> 
     </span>
    </p>
   </div>
   <div class='ocr_carea' id='block_1_6' title="bbox 309 525 754 653">
    <p class='ocr_par' dir='ltr' id='par_1_6' title="bbox 309 525 754 653">
     <span class='ocr_line' id='line_1_9' title="bbox 351 525 754 562; baseline -0.012 -1"><span class='ocrx_word' id='word_1_25' title='bbox 351 530 425 562; x_wconf 80' lang='lat' dir='ltr'>Sion</span> <span class='ocrx_word' id='word_1_26' title='bbox 446 529 480 559; x_wconf 87' lang='lat' dir='ltr'>in</span> <span class='ocrx_word' id='word_1_27' title='bbox 502 530 606 559; x_wconf 81' lang='lat' dir='ltr'>monte</span> <span class='ocrx_word' id='word_1_28' title='bbox 629 525 754 557; x_wconf 88' lang='lat' dir='ltr'>Domini</span> 
     </span>
     <span class='ocr_line' id='line_1_10' title="bbox 309 573 685 608; baseline -0.013 -1"><span class='ocrx_word' id='word_1_29' title='bbox 309 575 504 608; x_wconf 66' lang='lat' dir='ltr'>Pramlicavit</span> <span class='ocrx_word' id='word_1_30' title='bbox 528 577 558 604; x_wconf 83' lang='lat' dir='ltr'>et</span> <span class='ocrx_word' id='word_1_31' title='bbox 583 573 685 604; x_wconf 87' lang='lat' dir='ltr'>docuit</span> 
     </span>
     <span class='ocr_line' id='line_1_11' title="bbox 354 618 731 653; baseline -0.008 -1"><span class='ocrx_word' id='word_1_32' title='bbox 354 621 468 653; x_wconf 72' lang='lat' dir='ltr'>Christi</span> <span class='ocrx_word' id='word_1_33' title='bbox 491 619 582 651; x_wconf 85' lang='lat' dir='ltr'>subdi</span> <span class='ocrx_word' id='word_1_34' title='bbox 606 618 731 649; x_wconf 87' lang='lat' dir='ltr'>nomini.</span> 
     </span>
    </p>
   </div>
   <div class='ocr_carea' id='block_1_7' title="bbox 253 673 807 711">
    <p class='ocr_par' dir='ltr' id='par_1_7' title="bbox 253 673 807 711">
     <span class='ocr_line' id='line_1_12' title="bbox 253 673 807 711; baseline -0.013 -1"><span class='ocrx_word' id='word_1_35' title='bbox 253 685 282 710; x_wconf 77' lang='lat'>:.</span> <span class='ocrx_word' id='word_1_36' title='bbox 309 678 403 710; x_wconf 70' lang='lat' dir='ltr'>Istum</span> <span class='ocrx_word' id='word_1_37' title='bbox 430 675 569 707; x_wconf 69' lang='lat' dir='ltr'>Christus</span> <span class='ocrx_word' id='word_1_38' title='bbox 594 682 649 704; x_wconf 80' lang='lat' dir='ltr'>rex</span> <span class='ocrx_word' id='word_1_39' title='bbox 673 673 807 711; x_wconf 71' lang='lat' dir='ltr'>suscepit</span> 
     </span>
    </p>
   </div>
   <div class='ocr_carea' id='block_1_8' title="bbox 308 720 741 851">
    <p class='ocr_par' dir='ltr' id='par_1_8' title="bbox 308 720 741 851">
     <span class='ocr_line' id='line_1_13' title="bbox 352 720 697 759; baseline -0.012 -5"><span class='ocrx_word' id='word_1_40' title='bbox 352 722 520 754; x_wconf 77' lang='lat' dir='ltr'>Exsultans</span> <span class='ocrx_word' id='word_1_41' title='bbox 542 721 576 751; x_wconf 82' lang='lat' dir='ltr'>in</span> <span class='ocrx_word' id='word_1_42' title='bbox 599 720 697 759; x_wconf 72' lang='lat' dir='ltr'>gloria</span> 
     </span>
     <span class='ocr_line' id='line_1_14' title="bbox 308 766 699 805; baseline -0.013 -5"><span class='ocrx_word' id='word_1_43' title='bbox 308 768 351 800; x_wconf 84' lang='lat' dir='ltr'>Et</span> <span class='ocrx_word' id='word_1_44' title='bbox 373 776 460 799; x_wconf 85' lang='lat' dir='ltr'>suum</span> <span class='ocrx_word' id='word_1_45' title='bbox 485 768 577 805; x_wconf 74' lang='lat' dir='ltr'>caput</span> <span class='ocrx_word' id='word_1_46' title='bbox 600 766 699 796; x_wconf 77' lang='lat' dir='ltr'>erexit</span> 
     </span>
     <span class='ocr_line' id='line_1_15' title="bbox 355 811 741 851; baseline -0.013 -6"><span class='ocrx_word' id='word_1_47' title='bbox 355 814 421 845; x_wconf 74' lang='lat' dir='ltr'>Sibi</span> <span class='ocrx_word' id='word_1_48' title='bbox 444 812 596 851; x_wconf 82' lang='lat' dir='ltr'><strong>praebens</strong></span> <span class='ocrx_word' id='word_1_49' title='bbox 620 811 741 851; x_wconf 78' lang='lat' dir='ltr'>gaudia.</span> 
     </span>
    </p>
   </div>
   <div class='ocr_carea' id='block_1_9' title="bbox 447 903 645 938">
    <p class='ocr_par' dir='ltr' id='par_1_9' title="bbox 447 903 645 938">
     <span class='ocr_line' id='line_1_16' title="bbox 447 903 645 938; baseline -0.01 -8"><span class='ocrx_word' id='word_1_50' title='bbox 447 903 645 938; x_wconf 78' lang='lat' dir='ltr'>Responsoria.</span> 
     </span>
    </p>
   </div>
   <div class='ocr_carea' id='block_1_10' title="bbox 280 967 763 1832">
    <p class='ocr_par' dir='ltr' id='par_1_10' title="bbox 280 967 667 1005">
     <span class='ocr_line' id='line_1_17' title="bbox 280 967 667 1005; baseline -0.013 -3"><span class='ocrx_word' id='word_1_51' title='bbox 280 994 287 1001; x_wconf 92' lang='lat'><em>.</em></span> <span class='ocrx_word' id='word_1_52' title='bbox 313 970 413 1001; x_wconf 74' lang='lat' dir='ltr'>Adest</span> <span class='ocrx_word' id='word_1_53' title='bbox 437 968 502 999; x_wconf 80' lang='lat' dir='ltr'>dies</span> <span class='ocrx_word' id='word_1_54' title='bbox 526 967 667 1005; x_wconf 86' lang='lat' dir='ltr'>celebris,</span> 
     </span>
    </p>

    <p class='ocr_par' dir='ltr' id='par_1_11' title="bbox 311 1012 763 1092">
     <span class='ocr_line' id='line_1_18' title="bbox 311 1012 763 1054; baseline -0.004 -9"><span class='ocrx_word' id='word_1_55' title='bbox 311 1016 377 1054; x_wconf 68' lang='lat' dir='ltr'>Qua</span> <span class='ocrx_word' id='word_1_56' title='bbox 401 1014 540 1047; x_wconf 73' lang='lat' dir='ltr'>Christus</span> <span class='ocrx_word' id='word_1_57' title='bbox 566 1014 605 1043; x_wconf 88' lang='lat' dir='ltr'>de</span> <span class='ocrx_word' id='word_1_58' title='bbox 627 1012 763 1043; x_wconf 87' lang='lat' dir='ltr'>tenebris</span> 
     </span>
     <span class='ocr_line' id='line_1_19' title="bbox 358 1060 636 1092; baseline -0.007 -1"><span class='ocrx_word' id='word_1_59' title='bbox 358 1060 488 1092; x_wconf 79' lang='lat' dir='ltr'>vocavit</span> <span class='ocrx_word' id='word_1_60' title='bbox 510 1060 636 1090; x_wconf 89' lang='lat' dir='ltr'>Ivonem</span> 
     </span>
    </p>

    <p class='ocr_par' dir='ltr' id='par_1_12' title="bbox 315 1104 666 1139">
     <span class='ocr_line' id='line_1_20' title="bbox 315 1104 666 1139; baseline -0.014 0"><span class='ocrx_word' id='word_1_61' title='bbox 315 1108 373 1139; x_wconf 85' lang='lat' dir='ltr'>Pro</span> <span class='ocrx_word' id='word_1_62' title='bbox 399 1106 487 1136; x_wconf 78' lang='lat' dir='ltr'>victis</span> <span class='ocrx_word' id='word_1_63' title='bbox 510 1104 666 1135; x_wconf 84' lang='lat' dir='ltr'>illecebris</span> 
     </span>
    </p>

    <p class='ocr_par' dir='ltr' id='par_1_13' title="bbox 313 1149 651 1235">
     <span class='ocr_line' id='line_1_21' title="bbox 313 1149 651 1189; baseline -0.009 -6"><span class='ocrx_word' id='word_1_64' title='bbox 313 1154 395 1183; x_wconf 85' lang='lat' dir='ltr'>Loco</span> <span class='ocrx_word' id='word_1_65' title='bbox 417 1151 493 1189; x_wconf 79' lang='lat' dir='ltr'>justi</span> <span class='ocrx_word' id='word_1_66' title='bbox 516 1149 651 1181; x_wconf 76' lang='lat' dir='ltr'>foederis</span> 
     </span>
     <span class='ocr_line' id='line_1_22' title="bbox 358 1197 645 1235; baseline -0.007 -7"><span class='ocrx_word' id='word_1_67' title='bbox 358 1198 441 1229; x_wconf 87' lang='lat' dir='ltr'>Coeli</span> <span class='ocrx_word' id='word_1_68' title='bbox 465 1197 645 1235; x_wconf 86' lang='lat' dir='ltr'>portionem,</span> 
     </span>
    </p>

    <p class='ocr_par' dir='ltr' id='par_1_14' title="bbox 280 1241 613 1275">
     <span class='ocr_line' id='line_1_23' title="bbox 280 1241 613 1275; baseline -0.009 0"><span class='ocrx_word' id='word_1_69' title='bbox 280 1268 285 1274; x_wconf 92' lang='lat'><em>.</em></span> <span class='ocrx_word' id='word_1_70' title='bbox 311 1243 410 1275; x_wconf 86' lang='lat' dir='ltr'>Felici</span> <span class='ocrx_word' id='word_1_71' title='bbox 433 1241 613 1273; x_wconf 81' lang='lat' dir='ltr'>commercio</span> 
     </span>
    </p>

    <p class='ocr_par' dir='ltr' id='par_1_15' title="bbox 316 1287 670 1320">
     <span class='ocr_line' id='line_1_24' title="bbox 316 1287 670 1320; baseline -0.006 -1"><span class='ocrx_word' id='word_1_72' title='bbox 316 1288 375 1320; x_wconf 86' lang='lat' dir='ltr'>Pro</span> <span class='ocrx_word' id='word_1_73' title='bbox 400 1296 490 1319; x_wconf 84' lang='lat' dir='ltr'>cursu</span> <span class='ocrx_word' id='word_1_74' title='bbox 513 1288 546 1318; x_wconf 88' lang='lat' dir='ltr'>in</span> <span class='ocrx_word' id='word_1_75' title='bbox 570 1287 670 1318; x_wconf 80' lang='lat' dir='ltr'>stadio</span> 
     </span>
    </p>

    <p class='ocr_par' dir='ltr' id='par_1_16' title="bbox 314 1332 688 1373">
     <span class='ocr_line' id='line_1_25' title="bbox 314 1332 688 1373; baseline -0.011 -7"><span class='ocrx_word' id='word_1_76' title='bbox 314 1335 456 1373; x_wconf 80' lang='lat' dir='ltr'>Pugnans</span> <span class='ocrx_word' id='word_1_77' title='bbox 478 1334 567 1364; x_wconf 78' lang='lat' dir='ltr'>brevi</span> <span class='ocrx_word' id='word_1_78' title='bbox 589 1332 688 1371; x_wconf 76' lang='lat' dir='ltr'>spatio</span> 
     </span>
    </p>

    <p class='ocr_par' dir='ltr' id='par_1_17' title="bbox 315 1378 671 1456">
     <span class='ocr_line' id='line_1_26' title="bbox 315 1378 671 1417; baseline -0.008 -6"><span class='ocrx_word' id='word_1_79' title='bbox 315 1380 457 1417; x_wconf 78' lang='lat' dir='ltr'>Percepit</span> <span class='ocrx_word' id='word_1_80' title='bbox 479 1380 511 1409; x_wconf 92' lang='lat' dir='ltr'>in</span> <span class='ocrx_word' id='word_1_81' title='bbox 535 1378 671 1417; x_wconf 77' lang='lat' dir='ltr'>praemio</span> 
     </span>
     <span class='ocr_line' id='line_1_27' title="bbox 358 1424 597 1456; baseline 0 0"><span class='ocrx_word' id='word_1_82' title='bbox 358 1425 417 1456; x_wconf 80' lang='lat' dir='ltr'>Dei</span> <span class='ocrx_word' id='word_1_83' title='bbox 441 1424 597 1456; x_wconf 84' lang='lat' dir='ltr'><strong>visionem.</strong></span> 
     </span>
    </p>

    <p class='ocr_par' dir='ltr' id='par_1_18' title="bbox 281 1478 675 1513">
     <span class='ocr_line' id='line_1_28' title="bbox 281 1478 675 1513; baseline -0.013 0"><span class='ocrx_word' id='word_1_84' title='bbox 281 1507 287 1513; x_wconf 93' lang='lat'><strong><em>.</em></strong></span> <span class='ocrx_word' id='word_1_85' title='bbox 314 1481 373 1511; x_wconf 89' lang='lat' dir='ltr'>Pro</span> <span class='ocrx_word' id='word_1_86' title='bbox 399 1479 500 1510; x_wconf 86' lang='lat' dir='ltr'>cordis</span> <span class='ocrx_word' id='word_1_87' title='bbox 524 1478 675 1509; x_wconf 77' lang='lat' dir='ltr'>munditia</span> 
     </span>
    </p>

    <p class='ocr_par' dir='ltr' id='par_1_19' title="bbox 314 1524 648 1564">
     <span class='ocr_line' id='line_1_29' title="bbox 314 1524 648 1564; baseline -0.003 -8"><span class='ocrx_word' id='word_1_88' title='bbox 314 1525 358 1557; x_wconf 82' lang='lat' dir='ltr'>Et</span> <span class='ocrx_word' id='word_1_89' title='bbox 380 1533 472 1564; x_wconf 75' lang='lat' dir='ltr'>passa</span> <span class='ocrx_word' id='word_1_90' title='bbox 494 1524 648 1555; x_wconf 73' lang='lat' dir='ltr'>moestitia</span> 
     </span>
    </p>

    <p class='ocr_par' dir='ltr' id='par_1_20' title="bbox 316 1569 684 1655">
     <span class='ocr_line' id='line_1_30' title="bbox 316 1569 616 1609; baseline -0.007 -7"><span class='ocrx_word' id='word_1_91' title='bbox 316 1571 439 1609; x_wconf 81' lang='lat' dir='ltr'>Aspicit</span> <span class='ocrx_word' id='word_1_92' title='bbox 461 1570 493 1600; x_wconf 91' lang='lat' dir='ltr'>in</span> <span class='ocrx_word' id='word_1_93' title='bbox 516 1569 616 1609; x_wconf 81' lang='lat' dir='ltr'>gloria</span> 
     </span>
     <span class='ocr_line' id='line_1_31' title="bbox 359 1616 684 1655; baseline -0.006 -8"><span class='ocrx_word' id='word_1_94' title='bbox 359 1616 473 1655; x_wconf 77' lang='lat' dir='ltr'>Regem</span> <span class='ocrx_word' id='word_1_95' title='bbox 499 1617 684 1652; x_wconf 85' lang='lat' dir='ltr'>coronatum,</span> 
     </span>
    </p>

    <p class='ocr_par' dir='ltr' id='par_1_21' title="bbox 284 1661 631 1701">
     <span class='ocr_line' id='line_1_32' title="bbox 284 1661 631 1701; baseline -0.003 -8"><span class='ocrx_word' id='word_1_96' title='bbox 284 1686 291 1693; x_wconf 92' lang='lat'>.</span> <span class='ocrx_word' id='word_1_97' title='bbox 317 1662 427 1694; x_wconf 82' lang='lat' dir='ltr'>Fames</span> <span class='ocrx_word' id='word_1_98' title='bbox 452 1664 482 1693; x_wconf 81' lang='lat' dir='ltr'>et</span> <span class='ocrx_word' id='word_1_99' title='bbox 503 1661 631 1701; x_wconf 79' lang='lat' dir='ltr'>penuria</span> 
     </span>
    </p>

    <p class='ocr_par' dir='ltr' id='par_1_22' title="bbox 316 1706 683 1749">
     <span class='ocr_line' id='line_1_33' title="bbox 316 1706 683 1749; baseline -0.011 -9"><span class='ocrx_word' id='word_1_100' title='bbox 316 1708 446 1749; x_wconf 74' lang='lat' dir='ltr'>Cedunt,</span> <span class='ocrx_word' id='word_1_101' title='bbox 471 1710 501 1738; x_wconf 73' lang='lat' dir='ltr'>at</span> <span class='ocrx_word' id='word_1_102' title='bbox 526 1706 683 1738; x_wconf 74' lang='lat' dir='ltr'>contraria,</span> 
     </span>
    </p>

    <p class='ocr_par' dir='ltr' id='par_1_23' title="bbox 314 1753 738 1832">
     <span class='ocr_line' id='line_1_34' title="bbox 314 1753 669 1792; baseline -0.006 -7"><span class='ocrx_word' id='word_1_103' title='bbox 314 1754 490 1786; x_wconf 84' lang='lat' dir='ltr'>Succedunt</span> <span class='ocrx_word' id='word_1_104' title='bbox 511 1754 544 1784; x_wconf 86' lang='lat' dir='ltr'>in</span> <span class='ocrx_word' id='word_1_105' title='bbox 567 1753 669 1792; x_wconf 81' lang='lat' dir='ltr'>patria</span> 
     </span>
     <span class='ocr_line' id='line_1_35' title="bbox 362 1799 738 1832; baseline -0.008 0"><span class='ocrx_word' id='word_1_106' title='bbox 362 1802 437 1832; x_wconf 83' lang='lat' dir='ltr'>Post</span> <span class='ocrx_word' id='word_1_107' title='bbox 460 1799 541 1830; x_wconf 83' lang='lat' dir='ltr'>hunc</span> <span class='ocrx_word' id='word_1_108' title='bbox 563 1800 738 1830; x_wconf 82' lang='lat' dir='ltr'>incolatum.</span> 
     </span>
    </p>
   </div>
   <div class='ocr_carea' id='block_1_11' title="bbox 285 1853 737 2215">
    <p class='ocr_par' dir='ltr' id='par_1_24' title="bbox 285 1853 737 2215">
     <span class='ocr_line' id='line_1_36' title="bbox 285 1853 665 1894; baseline -0.008 -7"><span class='ocrx_word' id='word_1_109' title='bbox 285 1882 291 1887; x_wconf 97' lang='lat'>.</span> <span class='ocrx_word' id='word_1_110' title='bbox 316 1855 506 1894; x_wconf 81' lang='lat' dir='ltr'>Dispensans</span> <span class='ocrx_word' id='word_1_111' title='bbox 530 1853 665 1885; x_wconf 88' lang='lat' dir='ltr'>fideliter</span> 
     </span>
     <span class='ocr_line' id='line_1_37' title="bbox 362 1900 735 1932; baseline -0.005 0"><span class='ocrx_word' id='word_1_112' title='bbox 362 1901 563 1932; x_wconf 77' lang='lat' dir='ltr'>Commissum</span> <span class='ocrx_word' id='word_1_113' title='bbox 584 1900 735 1931; x_wconf 74' lang='lat' dir='ltr'>talentum</span> 
     </span>
     <span class='ocr_line' id='line_1_38' title="bbox 316 1947 585 1978; baseline -0.004 -1"><span class='ocrx_word' id='word_1_114' title='bbox 316 1947 352 1977; x_wconf 88' lang='lat' dir='ltr'>Iu</span> <span class='ocrx_word' id='word_1_115' title='bbox 377 1947 435 1978; x_wconf 92' lang='lat' dir='ltr'>Dei</span> <span class='ocrx_word' id='word_1_116' title='bbox 459 1947 585 1978; x_wconf 82' lang='lat' dir='ltr'>servitio</span> 
     </span>
     <span class='ocr_line' id='line_1_39' title="bbox 362 1991 737 2030; baseline 0 -7"><span class='ocrx_word' id='word_1_117' title='bbox 362 1992 432 2024; x_wconf 87' lang='lat' dir='ltr'>Non</span> <span class='ocrx_word' id='word_1_118' title='bbox 456 2001 490 2023; x_wconf 88' lang='lat' dir='ltr'>se</span> <span class='ocrx_word' id='word_1_119' title='bbox 513 1991 588 2023; x_wconf 85' lang='lat' dir='ltr'>fecit</span> <span class='ocrx_word' id='word_1_120' title='bbox 610 1992 737 2030; x_wconf 86' lang='lat' dir='ltr'>lentum,</span> 
     </span>
     <span class='ocr_line' id='line_1_40' title="bbox 318 2037 658 2077; baseline -0.003 -7"><span class='ocrx_word' id='word_1_121' title='bbox 318 2038 509 2077; x_wconf 76' lang='lat' dir='ltr'>Pauperibus</span> <span class='ocrx_word' id='word_1_122' title='bbox 533 2037 658 2076; x_wconf 84' lang='lat' dir='ltr'>prebuit</span> 
     </span>
     <span class='ocr_line' id='line_1_41' title="bbox 362 2084 718 2123; baseline 0 -8"><span class='ocrx_word' id='word_1_123' title='bbox 362 2084 461 2123; x_wconf 77' lang='lat' dir='ltr'>Saepe</span> <span class='ocrx_word' id='word_1_124' title='bbox 482 2084 718 2115; x_wconf 82' lang='lat' dir='ltr'>instrumentum</span> 
     </span>
     <span class='ocr_line' id='line_1_42' title="bbox 314 2131 706 2169; baseline 0 -8"><span class='ocrx_word' id='word_1_125' title='bbox 314 2131 356 2162; x_wconf 83' lang='lat' dir='ltr'>Et</span> <span class='ocrx_word' id='word_1_126' title='bbox 377 2138 434 2169; x_wconf 85' lang='lat' dir='ltr'>per</span> <span class='ocrx_word' id='word_1_127' title='bbox 456 2131 515 2161; x_wconf 89' lang='lat' dir='ltr'>hoc</span> <span class='ocrx_word' id='word_1_128' title='bbox 538 2131 706 2168; x_wconf 77' lang='lat' dir='ltr'>promeruit</span> 
     </span>
     <span class='ocr_line' id='line_1_43' title="bbox 362 2176 737 2215; baseline -0.005 -7"><span class='ocrx_word' id='word_1_129' title='bbox 362 2176 474 2208; x_wconf 78' lang='lat' dir='ltr'>Sedein</span> <span class='ocrx_word' id='word_1_130' title='bbox 497 2176 737 2215; x_wconf 76' lang='lat' dir='ltr'>praesidentum,</span> 
     </span>
    </p>
   </div>
   <div class='ocr_carea' id='block_1_12' title="bbox 254 2221 760 2262">
    <p class='ocr_par' dir='ltr' id='par_1_25' title="bbox 254 2221 760 2262">
     <span class='ocr_line' id='line_1_44' title="bbox 254 2221 760 2262; baseline -0.002 -8"><span class='ocrx_word' id='word_1_131' title='bbox 254 2224 290 2256; x_wconf 87' lang='lat' dir='ltr'>V,</span> <span class='ocrx_word' id='word_1_132' title='bbox 316 2224 397 2255; x_wconf 90' lang='lat' dir='ltr'>Dum</span> <span class='ocrx_word' id='word_1_133' title='bbox 423 2221 543 2254; x_wconf 88' lang='lat' dir='ltr'>Christo</span> <span class='ocrx_word' id='word_1_134' title='bbox 567 2224 599 2253; x_wconf 92' lang='lat' dir='ltr'>in</span> <span class='ocrx_word' id='word_1_135' title='bbox 622 2231 760 2262; x_wconf 79' lang='lat' dir='ltr'>paupere</span> 
     </span>
    </p>
   </div>
   <div class='ocr_carea' id='block_1_13' title="bbox 362 2269 739 2302">
    <p class='ocr_par' dir='ltr' id='par_1_26' title="bbox 362 2269 739 2302">
     <span class='ocr_line' id='line_1_45' title="bbox 362 2269 739 2302; baseline 0.005 -2"><span class='ocrx_word' id='word_1_136' title='bbox 362 2269 496 2302; x_wconf 71' lang='lat' dir='ltr'>Praebet</span> <span class='ocrx_word' id='word_1_137' title='bbox 516 2270 739 2302; x_wconf 81' lang='lat' dir='ltr'>vestimentum.</span> 
     </span>
    </p>
   </div>
   <div class='ocr_carea' id='block_1_14' title="bbox 1023 158 1374 193">
    <p class='ocr_par' dir='ltr' id='par_1_27' title="bbox 1023 158 1374 193">
     <span class='ocr_line' id='line_1_46' title="bbox 1023 158 1374 193; baseline -0.011 -1"><span class='ocrx_word' id='word_1_138' title='bbox 1023 162 1069 193; x_wconf 74' lang='lat'>111</span> <span class='ocrx_word' id='word_1_139' title='bbox 1094 162 1125 192; x_wconf 76' lang='lat'>2.</span> <span class='ocrx_word' id='word_1_140' title='bbox 1151 158 1374 190; x_wconf 74' lang='lat' dir='ltr'>Nocturno.</span> 
     </span>
    </p>
   </div>
   <div class='ocr_carea' id='block_1_15' title="bbox 1106 232 1297 267">
    <p class='ocr_par' dir='ltr' id='par_1_28' title="bbox 1106 232 1297 267">
     <span class='ocr_line' id='line_1_47' title="bbox 1106 232 1297 267; baseline -0.01 -7"><span class='ocrx_word' id='word_1_141' title='bbox 1106 232 1297 267; x_wconf 77' lang='lat' dir='ltr'>Antiphonae.</span> 
     </span>
    </p>
   </div>
   <div class='ocr_carea' id='block_1_16' title="bbox 905 286 1443 328">
    <p class='ocr_par' dir='ltr' id='par_1_29' title="bbox 905 286 1443 328">
     <span class='ocr_line' id='line_1_48' title="bbox 905 286 1443 328; baseline -0.015 -4"><span class='ocrx_word' id='word_1_142' title='bbox 905 293 935 325; x_wconf 82' lang='lat'>1.</span> <span class='ocrx_word' id='word_1_143' title='bbox 961 291 1053 322; x_wconf 75' lang='lat' dir='ltr'>Nunc</span> <span class='ocrx_word' id='word_1_144' title='bbox 1075 298 1146 328; x_wconf 83' lang='lat' dir='ltr'>ergo</span> <span class='ocrx_word' id='word_1_145' title='bbox 1171 289 1272 320; x_wconf 79' lang='lat' dir='ltr'>sciant</span> <span class='ocrx_word' id='word_1_146' title='bbox 1293 286 1443 324; x_wconf 85' lang='lat' dir='ltr'>homines,</span> 
     </span>
    </p>
   </div>
   <div class='ocr_carea' id='block_1_17' title="bbox 962 333 1388 460">
    <p class='ocr_par' dir='ltr' id='par_1_30' title="bbox 962 333 1388 460">
     <span class='ocr_line' id='line_1_49' title="bbox 1008 333 1388 375; baseline -0.013 -7"><span class='ocrx_word' id='word_1_147' title='bbox 1008 336 1095 375; x_wconf 76' lang='lat' dir='ltr'>Quod</span> <span class='ocrx_word' id='word_1_148' title='bbox 1118 335 1220 374; x_wconf 88' lang='lat' dir='ltr'>ipsum</span> <span class='ocrx_word' id='word_1_149' title='bbox 1244 333 1388 365; x_wconf 71' lang='lat' dir='ltr'>mirificat</span> 
     </span>
     <span class='ocr_line' id='line_1_50' title="bbox 962 380 1385 421; baseline -0.014 -6"><span class='ocrx_word' id='word_1_150' title='bbox 962 383 1006 415; x_wconf 88' lang='lat' dir='ltr'>Et</span> <span class='ocrx_word' id='word_1_151' title='bbox 1028 383 1130 421; x_wconf 87' lang='lat' dir='ltr'>ipsum</span> <span class='ocrx_word' id='word_1_152' title='bbox 1153 382 1236 413; x_wconf 85' lang='lat' dir='ltr'>inter</span> <span class='ocrx_word' id='word_1_153' title='bbox 1260 380 1385 418; x_wconf 82' lang='lat' dir='ltr'>angelos</span> 
     </span>
     <span class='ocr_line' id='line_1_51' title="bbox 1009 425 1335 460; baseline -0.009 0"><span class='ocrx_word' id='word_1_154' title='bbox 1009 429 1159 460; x_wconf 88' lang='lat' dir='ltr'>Dominus</span> <span class='ocrx_word' id='word_1_155' title='bbox 1183 425 1335 458; x_wconf 76' lang='lat' dir='ltr'>aedificat.</span> 
     </span>
    </p>
   </div>
   <div class='ocr_carea' id='block_1_18' title="bbox 909 483 1397 517">
    <p class='ocr_par' dir='ltr' id='par_1_31' title="bbox 909 483 1397 517">
     <span class='ocr_line' id='line_1_52' title="bbox 909 483 1397 517; baseline -0.012 -1"><span class='ocrx_word' id='word_1_156' title='bbox 909 487 940 517; x_wconf 80' lang='lat'>2.</span> <span class='ocrx_word' id='word_1_157' title='bbox 965 483 1058 515; x_wconf 84' lang='lat' dir='ltr'>Hunc</span> <span class='ocrx_word' id='word_1_158' title='bbox 1083 484 1193 514; x_wconf 84' lang='lat' dir='ltr'>devote</span> <span class='ocrx_word' id='word_1_159' title='bbox 1218 484 1397 513; x_wconf 79' lang='lat' dir='ltr'>exorantem</span> 
     </span>
    </p>
   </div>
   <div class='ocr_carea' id='block_1_19' title="bbox 969 527 1432 704">
    <p class='ocr_par' dir='ltr' id='par_1_32' title="bbox 969 527 1432 658">
     <span class='ocr_line' id='line_1_53' title="bbox 1011 527 1432 567; baseline -0.012 -6"><span class='ocrx_word' id='word_1_160' title='bbox 1011 530 1082 561; x_wconf 79' lang='lat' dir='ltr'>Non</span> <span class='ocrx_word' id='word_1_161' title='bbox 1105 528 1249 567; x_wconf 77' lang='lat' dir='ltr'>despexit</span> <span class='ocrx_word' id='word_1_162' title='bbox 1271 527 1432 561; x_wconf 76' lang='lat' dir='ltr'>Dominus,</span> 
     </span>
     <span class='ocr_line' id='line_1_54' title="bbox 969 573 1360 612; baseline -0.013 -5"><span class='ocrx_word' id='word_1_163' title='bbox 969 575 1132 607; x_wconf 80' lang='lat' dir='ltr'>Nolentem</span> <span class='ocrx_word' id='word_1_164' title='bbox 1156 573 1360 612; x_wconf 80' lang='lat' dir='ltr'>iniquitatem,</span> 
     </span>
     <span class='ocr_line' id='line_1_55' title="bbox 969 619 1420 658; baseline -0.013 -4"><span class='ocrx_word' id='word_1_165' title='bbox 969 622 1032 655; x_wconf 83' lang='lat' dir='ltr'>Sed</span> <span class='ocrx_word' id='word_1_166' title='bbox 1057 624 1210 652; x_wconf 74' lang='lat' dir='ltr'>amantem</span> <span class='ocrx_word' id='word_1_167' title='bbox 1236 619 1420 658; x_wconf 78' lang='lat' dir='ltr'>aequitatem</span> 
     </span>
    </p>

    <p class='ocr_par' dir='ltr' id='par_1_33' title="bbox 1010 666 1357 704">
     <span class='ocr_line' id='line_1_56' title="bbox 1010 666 1357 704; baseline -0.003 -6"><span class='ocrx_word' id='word_1_168' title='bbox 1010 667 1180 699; x_wconf 80' lang='lat' dir='ltr'>Exaudivit</span> <span class='ocrx_word' id='word_1_169' title='bbox 1206 666 1357 704; x_wconf 79' lang='lat' dir='ltr'>protinus.</span> 
     </span>
    </p>
   </div>
   <div class='ocr_carea' id='block_1_20' title="bbox 903 721 1399 761">
    <p class='ocr_par' dir='ltr' id='par_1_34' title="bbox 903 721 1399 761">
     <span class='ocr_line' id='line_1_57' title="bbox 903 721 1399 761; baseline -0.01 -6"><span class='ocrx_word' id='word_1_170' title='bbox 903 725 942 756; x_wconf 63' lang='grc' dir='ltr'>Ἡ,</span> <span class='ocrx_word' id='word_1_171' title='bbox 967 724 1068 761; x_wconf 83' lang='lat' dir='ltr'>Hujus</span> <span class='ocrx_word' id='word_1_172' title='bbox 1091 730 1208 753; x_wconf 79' lang='lat' dir='ltr'>memor</span> <span class='ocrx_word' id='word_1_173' title='bbox 1231 721 1399 752; x_wconf 78' lang='lat' dir='ltr'>altissimus</span> 
     </span>
    </p>
   </div>
   <div class='ocr_carea' id='block_1_21' title="bbox 967 767 1421 892">
    <p class='ocr_par' dir='ltr' id='par_1_35' title="bbox 967 767 1421 892">
     <span class='ocr_line' id='line_1_58' title="bbox 1012 767 1294 800; baseline -0.014 0"><span class='ocrx_word' id='word_1_174' title='bbox 1012 769 1132 800; x_wconf 87' lang='lat' dir='ltr'>Devote</span> <span class='ocrx_word' id='word_1_175' title='bbox 1155 767 1294 799; x_wconf 82' lang='lat' dir='ltr'>visitavit</span> 
     </span>
     <span class='ocr_line' id='line_1_59' title="bbox 967 812 1421 851; baseline -0.011 -5"><span class='ocrx_word' id='word_1_176' title='bbox 967 816 1010 846; x_wconf 80' lang='lat' dir='ltr'>Et</span> <span class='ocrx_word' id='word_1_177' title='bbox 1032 823 1092 845; x_wconf 85' lang='lat' dir='ltr'>non</span> <span class='ocrx_word' id='word_1_178' title='bbox 1116 815 1216 845; x_wconf 84' lang='lat' dir='ltr'>minus</span> <span class='ocrx_word' id='word_1_179' title='bbox 1242 812 1280 844; x_wconf 79' lang='lat' dir='ltr'>ab</span> <span class='ocrx_word' id='word_1_180' title='bbox 1303 812 1421 851; x_wconf 78' lang='lat' dir='ltr'>angelis</span> 
     </span>
     <span class='ocr_line' id='line_1_60' title="bbox 1014 860 1274 892; baseline -0.008 0"><span class='ocrx_word' id='word_1_181' title='bbox 1014 860 1081 892; x_wconf 88' lang='lat' dir='ltr'>C1t0</span> <span class='ocrx_word' id='word_1_182' title='bbox 1108 860 1274 891; x_wconf 71' lang='lat' dir='ltr'>coronavit.</span> 
     </span>
    </p>
   </div>
   <div class='ocr_carea' id='block_1_22' title="bbox 1105 951 1307 985">
    <p class='ocr_par' dir='ltr' id='par_1_36' title="bbox 1105 951 1307 985">
     <span class='ocr_line' id='line_1_61' title="bbox 1105 951 1307 985; baseline -0.005 -8"><span class='ocrx_word' id='word_1_183' title='bbox 1105 951 1307 985; x_wconf 72' lang='lat' dir='ltr'>Responsoria.</span> 
     </span>
    </p>
   </div>
   <div class='ocr_carea' id='block_1_23' title="bbox 916 1005 1407 1040">
    <p class='ocr_par' dir='ltr' id='par_1_37' title="bbox 916 1005 1407 1040">
     <span class='ocr_line' id='line_1_62' title="bbox 916 1005 1407 1040; baseline -0.008 -1"><span class='ocrx_word' id='word_1_184' title='bbox 916 1010 943 1040; x_wconf 93' lang='lat'>1.</span> <span class='ocrx_word' id='word_1_185' title='bbox 970 1008 1061 1038; x_wconf 86' lang='lat' dir='ltr'>Hunc</span> <span class='ocrx_word' id='word_1_186' title='bbox 1086 1006 1234 1037; x_wconf 78' lang='lat' dir='ltr'>exaltavit</span> <span class='ocrx_word' id='word_1_187' title='bbox 1257 1005 1407 1036; x_wconf 84' lang='lat' dir='ltr'>Dominus</span> 
     </span>
    </p>
   </div>
   <div class='ocr_carea' id='block_1_24' title="bbox 970 1051 1379 1274">
    <p class='ocr_par' dir='ltr' id='par_1_38' title="bbox 970 1051 1356 1136">
     <span class='ocr_line' id='line_1_63' title="bbox 1014 1051 1356 1091; baseline -0.009 -7"><span class='ocrx_word' id='word_1_188' title='bbox 1014 1054 1051 1084; x_wconf 88' lang='lat' dir='ltr'>In</span> <span class='ocrx_word' id='word_1_189' title='bbox 1075 1051 1167 1091; x_wconf 88' lang='lat' dir='ltr'>plebe</span> <span class='ocrx_word' id='word_1_190' title='bbox 1191 1052 1356 1090; x_wconf 79' lang='lat' dir='ltr'>abjectum,</span> 
     </span>
     <span class='ocr_line' id='line_1_64' title="bbox 970 1097 1354 1136; baseline -0.008 -6"><span class='ocrx_word' id='word_1_191' title='bbox 970 1100 1030 1130; x_wconf 84' lang='lat' dir='ltr'>Per</span> <span class='ocrx_word' id='word_1_192' title='bbox 1053 1107 1140 1129; x_wconf 86' lang='lat' dir='ltr'>suum</span> <span class='ocrx_word' id='word_1_193' title='bbox 1164 1097 1354 1136; x_wconf 75' lang='lat' dir='ltr'>adjutorium</span> 
     </span>
    </p>

    <p class='ocr_par' dir='ltr' id='par_1_39' title="bbox 970 1143 1379 1227">
     <span class='ocr_line' id='line_1_65' title="bbox 1016 1143 1379 1181; baseline -0.008 -5"><span class='ocrx_word' id='word_1_194' title='bbox 1016 1144 1171 1176; x_wconf 81' lang='lat' dir='ltr'>Mandatis</span> <span class='ocrx_word' id='word_1_195' title='bbox 1196 1143 1379 1181; x_wconf 76' lang='lat' dir='ltr'>subjectum,</span> 
     </span>
     <span class='ocr_line' id='line_1_66' title="bbox 970 1189 1356 1227; baseline -0.01 -4"><span class='ocrx_word' id='word_1_196' title='bbox 970 1192 1050 1223; x_wconf 84' lang='lat' dir='ltr'>Prae</span> <span class='ocrx_word' id='word_1_197' title='bbox 1074 1190 1184 1221; x_wconf 83' lang='lat' dir='ltr'>ceteris</span> <span class='ocrx_word' id='word_1_198' title='bbox 1207 1189 1356 1227; x_wconf 75' lang='lat' dir='ltr'>praetulit</span> 
     </span>
    </p>

    <p class='ocr_par' dir='ltr' id='par_1_40' title="bbox 1017 1236 1303 1274">
     <span class='ocr_line' id='line_1_67' title="bbox 1017 1236 1303 1274; baseline -0.007 -7"><span class='ocrx_word' id='word_1_199' title='bbox 1017 1236 1137 1267; x_wconf 80' lang='lat' dir='ltr'>Curatis</span> <span class='ocrx_word' id='word_1_200' title='bbox 1163 1236 1303 1274; x_wconf 87' lang='lat' dir='ltr'>electum,</span> 
     </span>
    </p>
   </div>
   <div class='ocr_carea' id='block_1_25' title="bbox 908 1281 1313 1321">
    <p class='ocr_par' dir='ltr' id='par_1_41' title="bbox 908 1281 1313 1321">
     <span class='ocr_line' id='line_1_68' title="bbox 908 1281 1313 1321; baseline -0.007 -6"><span class='ocrx_word' id='word_1_201' title='bbox 908 1285 944 1315; x_wconf 86' lang='lat' dir='ltr'>V.</span> <span class='ocrx_word' id='word_1_202' title='bbox 970 1284 1065 1321; x_wconf 66' lang='lat' dir='ltr'>Quem</span> <span class='ocrx_word' id='word_1_203' title='bbox 1088 1282 1121 1312; x_wconf 88' lang='lat' dir='ltr'>in</span> <span class='ocrx_word' id='word_1_204' title='bbox 1145 1281 1313 1313; x_wconf 69' lang='lat' dir='ltr'>solitudine</span> 
     </span>
    </p>
   </div>
   <div class='ocr_carea' id='block_1_26' title="bbox 971 1326 1409 1544">
    <p class='ocr_par' dir='ltr' id='par_1_42' title="bbox 972 1326 1409 1413">
     <span class='ocr_line' id='line_1_69' title="bbox 1018 1326 1409 1366; baseline -0.003 -7"><span class='ocrx_word' id='word_1_205' title='bbox 1018 1328 1116 1359; x_wconf 81' lang='lat' dir='ltr'>Curae</span> <span class='ocrx_word' id='word_1_206' title='bbox 1137 1328 1199 1366; x_wconf 72' lang='lat' dir='ltr'>Jam</span> <span class='ocrx_word' id='word_1_207' title='bbox 1225 1326 1409 1366; x_wconf 81' lang='lat' dir='ltr'>perfectum,</span> 
     </span>
     <span class='ocr_line' id='line_1_70' title="bbox 972 1373 1251 1413; baseline -0.004 -8"><span class='ocrx_word' id='word_1_208' title='bbox 972 1374 1112 1413; x_wconf 70' lang='lat' dir='ltr'>Spiritali</span> <span class='ocrx_word' id='word_1_209' title='bbox 1136 1373 1251 1404; x_wconf 86' lang='lat' dir='ltr'>lumine</span> 
     </span>
    </p>

    <p class='ocr_par' dir='ltr' id='par_1_43' title="bbox 971 1420 1379 1504">
     <span class='ocr_line' id='line_1_71' title="bbox 1018 1420 1309 1458; baseline -0.003 -8"><span class='ocrx_word' id='word_1_210' title='bbox 1018 1420 1095 1458; x_wconf 86' lang='lat' dir='ltr'>Ejus</span> <span class='ocrx_word' id='word_1_211' title='bbox 1118 1420 1309 1451; x_wconf 84' lang='lat' dir='ltr'>intellectum</span> 
     </span>
     <span class='ocr_line' id='line_1_72' title="bbox 971 1465 1379 1504; baseline -0.005 -7"><span class='ocrx_word' id='word_1_212' title='bbox 971 1467 1144 1503; x_wconf 70' lang='lat' dir='ltr'>illustrans,</span> <span class='ocrx_word' id='word_1_213' title='bbox 1167 1465 1379 1504; x_wconf 77' lang='lat' dir='ltr'>adspiramine</span> 
     </span>
    </p>

    <p class='ocr_par' dir='ltr' id='par_1_44' title="bbox 1016 1510 1385 1544">
     <span class='ocr_line' id='line_1_73' title="bbox 1016 1510 1385 1544; baseline 0.003 -2"><span class='ocrx_word' id='word_1_214' title='bbox 1016 1510 1211 1542; x_wconf 79' lang='lat' dir='ltr'>Inflammans</span> <span class='ocrx_word' id='word_1_215' title='bbox 1235 1510 1385 1544; x_wconf 85' lang='lat' dir='ltr'>affectum.</span> 
     </span>
    </p>
   </div>
   <div class='ocr_carea' id='block_1_27' title="bbox 915 1566 1297 1605">
    <p class='ocr_par' dir='ltr' id='par_1_45' title="bbox 915 1566 1297 1605">
     <span class='ocr_line' id='line_1_74' title="bbox 915 1566 1297 1605; baseline -0.008 -6"><span class='ocrx_word' id='word_1_216' title='bbox 915 1569 945 1600; x_wconf 79' lang='lat'>2.</span> <span class='ocrx_word' id='word_1_217' title='bbox 972 1567 1022 1598; x_wconf 85' lang='lat' dir='ltr'>Ad</span> <span class='ocrx_word' id='word_1_218' title='bbox 1048 1567 1107 1597; x_wconf 90' lang='lat' dir='ltr'>Dei</span> <span class='ocrx_word' id='word_1_219' title='bbox 1131 1566 1297 1605; x_wconf 78' lang='lat' dir='ltr'>praeconia</span> 
     </span>
    </p>
   </div>
   <div class='ocr_carea' id='block_1_28' title="bbox 969 1612 1401 1829">
    <p class='ocr_par' dir='ltr' id='par_1_46' title="bbox 969 1612 1289 1690">
     <span class='ocr_line' id='line_1_75' title="bbox 1017 1612 1289 1651; baseline -0.004 -7"><span class='ocrx_word' id='word_1_220' title='bbox 1017 1612 1119 1651; x_wconf 84' lang='lat' dir='ltr'>Opera</span> <span class='ocrx_word' id='word_1_221' title='bbox 1142 1612 1289 1643; x_wconf 82' lang='lat' dir='ltr'>virtutum</span> 
     </span>
     <span class='ocr_line' id='line_1_76' title="bbox 969 1658 1266 1690; baseline 0 -1"><span class='ocrx_word' id='word_1_222' title='bbox 969 1658 1060 1690; x_wconf 77' lang='lat' dir='ltr'>Fecit</span> <span class='ocrx_word' id='word_1_223' title='bbox 1084 1661 1114 1688; x_wconf 87' lang='lat' dir='ltr'>et</span> <span class='ocrx_word' id='word_1_224' title='bbox 1137 1658 1266 1689; x_wconf 79' lang='lat' dir='ltr'>scientia</span> 
     </span>
    </p>

    <p class='ocr_par' dir='ltr' id='par_1_47' title="bbox 972 1704 1343 1783">
     <span class='ocr_line' id='line_1_77' title="bbox 1018 1704 1343 1743; baseline 0 -8"><span class='ocrx_word' id='word_1_225' title='bbox 1018 1704 1168 1743; x_wconf 84' lang='lat' dir='ltr'>Populum</span> <span class='ocrx_word' id='word_1_226' title='bbox 1190 1704 1343 1736; x_wconf 81' lang='lat' dir='ltr'>imbutum</span> 
     </span>
     <span class='ocr_line' id='line_1_78' title="bbox 972 1750 1295 1783; baseline -0.006 0"><span class='ocrx_word' id='word_1_227' title='bbox 972 1752 1015 1783; x_wconf 86' lang='lat' dir='ltr'>Et</span> <span class='ocrx_word' id='word_1_228' title='bbox 1040 1750 1103 1781; x_wconf 92' lang='lat' dir='ltr'>suis</span> <span class='ocrx_word' id='word_1_229' title='bbox 1128 1750 1295 1782; x_wconf 80' lang='lat' dir='ltr'>virtutibus</span> 
     </span>
    </p>

    <p class='ocr_par' dir='ltr' id='par_1_48' title="bbox 1017 1795 1401 1829">
     <span class='ocr_line' id='line_1_79' title="bbox 1017 1795 1401 1829; baseline 0.003 -1"><span class='ocrx_word' id='word_1_230' title='bbox 1017 1797 1168 1829; x_wconf 80' lang='lat' dir='ltr'>Mundum</span> <span class='ocrx_word' id='word_1_231' title='bbox 1193 1795 1269 1828; x_wconf 87' lang='lat' dir='ltr'>fecit</span> <span class='ocrx_word' id='word_1_232' title='bbox 1292 1799 1401 1829; x_wconf 82' lang='lat' dir='ltr'>tutum.</span> 
     </span>
    </p>
   </div>
   <div class='ocr_carea' id='block_1_29' title="bbox 909 1843 1296 1875">
    <p class='ocr_par' dir='ltr' id='par_1_49' title="bbox 909 1843 1296 1875">
     <span class='ocr_line' id='line_1_80' title="bbox 909 1843 1296 1875; baseline 0 -1"><span class='ocrx_word' id='word_1_233' title='bbox 909 1843 945 1874; x_wconf 61' lang='lat' dir='ltr'>V.</span> <span class='ocrx_word' id='word_1_234' title='bbox 970 1843 1146 1874; x_wconf 78' lang='lat' dir='ltr'>Mundanas</span> <span class='ocrx_word' id='word_1_235' title='bbox 1172 1843 1296 1875; x_wconf 82' lang='lat' dir='ltr'>divitias</span> 
     </span>
    </p>
   </div>
   <div class='ocr_carea' id='block_1_30' title="bbox 974 1889 1424 2113">
    <p class='ocr_par' dir='ltr' id='par_1_50' title="bbox 974 1889 1424 2113">
     <span class='ocr_line' id='line_1_81' title="bbox 1020 1889 1424 1929; baseline -0.002 -8"><span class='ocrx_word' id='word_1_236' title='bbox 1020 1889 1213 1927; x_wconf 78' lang='lat' dir='ltr'>Contempsit</span> <span class='ocrx_word' id='word_1_237' title='bbox 1237 1893 1268 1920; x_wconf 81' lang='lat' dir='ltr'>et</span> <span class='ocrx_word' id='word_1_238' title='bbox 1291 1889 1424 1929; x_wconf 80' lang='lat' dir='ltr'>sprevit,</span> 
     </span>
     <span class='ocr_line' id='line_1_82' title="bbox 975 1935 1227 1974; baseline -0.004 -8"><span class='ocrx_word' id='word_1_239' title='bbox 975 1935 1051 1974; x_wconf 82' lang='lat' dir='ltr'>Ejus</span> <span class='ocrx_word' id='word_1_240' title='bbox 1075 1935 1227 1967; x_wconf 75' lang='lat' dir='ltr'>amicitias</span> 
     </span>
     <span class='ocr_line' id='line_1_83' title="bbox 1019 1981 1328 2013; baseline 0 0"><span class='ocrx_word' id='word_1_241' title='bbox 1019 1981 1068 2013; x_wconf 89' lang='lat' dir='ltr'>De</span> <span class='ocrx_word' id='word_1_242' title='bbox 1093 1981 1187 2012; x_wconf 78' lang='lat' dir='ltr'>eorde</span> <span class='ocrx_word' id='word_1_243' title='bbox 1213 1981 1328 2013; x_wconf 83' lang='lat' dir='ltr'>delevit</span> 
     </span>
     <span class='ocr_line' id='line_1_84' title="bbox 974 2027 1314 2059; baseline 0.003 -1"><span class='ocrx_word' id='word_1_244' title='bbox 974 2027 1016 2058; x_wconf 78' lang='lat' dir='ltr'>Et</span> <span class='ocrx_word' id='word_1_245' title='bbox 1042 2027 1158 2059; x_wconf 80' lang='lat' dir='ltr'>Christi</span> <span class='ocrx_word' id='word_1_246' title='bbox 1184 2028 1314 2059; x_wconf 81' lang='lat' dir='ltr'>consilia</span> 
     </span>
     <span class='ocr_line' id='line_1_85' title="bbox 1020 2073 1343 2113; baseline -0.003 -9"><span class='ocrx_word' id='word_1_247' title='bbox 1020 2073 1169 2105; x_wconf 77' lang='lat' dir='ltr'>Firmiter</span> <span class='ocrx_word' id='word_1_248' title='bbox 1191 2075 1343 2113; x_wconf 83' lang='lat' dir='ltr'>implevit.</span> 
     </span>
    </p>
   </div>
   <div class='ocr_carea' id='block_1_31' title="bbox 920 2129 1451 2169">
    <p class='ocr_par' dir='ltr' id='par_1_51' title="bbox 920 2129 1451 2169">
     <span class='ocr_line' id='line_1_86' title="bbox 920 2129 1451 2169; baseline 0 -7"><span class='ocrx_word' id='word_1_249' title='bbox 920 2131 949 2162; x_wconf 86' lang='lat'>3.</span> <span class='ocrx_word' id='word_1_250' title='bbox 977 2129 1068 2160; x_wconf 89' lang='lat' dir='ltr'>Hunc</span> <span class='ocrx_word' id='word_1_251' title='bbox 1090 2137 1214 2161; x_wconf 84' lang='lat' dir='ltr'>servum</span> <span class='ocrx_word' id='word_1_252' title='bbox 1237 2139 1315 2169; x_wconf 78' lang='lat' dir='ltr'>prae</span> <span class='ocrx_word' id='word_1_253' title='bbox 1339 2131 1451 2162; x_wconf 83' lang='lat' dir='ltr'>ceteris</span> 
     </span>
    </p>
   </div>
   <div class='ocr_carea' id='block_1_32' title="bbox 982 2175 1352 2311">
    <p class='ocr_par' dir='ltr' id='par_1_52' title="bbox 982 2175 1352 2311">
     <span class='ocr_line' id='line_1_87' title="bbox 1022 2175 1314 2209; baseline 0 -1"><span class='ocrx_word' id='word_1_254' title='bbox 1022 2175 1173 2208; x_wconf 88' lang='lat' dir='ltr'>Dominus</span> <span class='ocrx_word' id='word_1_255' title='bbox 1197 2177 1314 2209; x_wconf 81' lang='lat' dir='ltr'>amavit</span> 
     </span>
     <span class='ocr_line' id='line_1_88' title="bbox 982 2222 1352 2262; baseline 0.003 -9"><span class='ocrx_word' id='word_1_256' title='bbox 982 2223 1085 2261; x_wconf 86' lang='lat' dir='ltr'>Atque</span> <span class='ocrx_word' id='word_1_257' title='bbox 1108 2222 1210 2261; x_wconf 85' lang='lat' dir='ltr'>ipsum</span> <span class='ocrx_word' id='word_1_258' title='bbox 1234 2223 1352 2262; x_wconf 83' lang='lat' dir='ltr'>gloriae</span> 
     </span>
     <span class='ocr_line' id='line_1_89' title="bbox 1023 2269 1296 2311; baseline 0 -11"><span class='ocrx_word' id='word_1_259' title='bbox 1023 2270 1105 2301; x_wconf 74' lang='lat' dir='ltr'>stola</span> <span class='ocrx_word' id='word_1_260' title='bbox 1129 2269 1296 2311; x_wconf 74' lang='lat' dir='ltr'>decoravit,</span> 
     </span>
    </p>
   </div>
  </div>
 </body>
</html>
