1679 2491
729 80 959 115 „57—

331 174 378 206 In
404 176 433 207 2.
459 175 517 207 No
529 179 686 208 eturno.

413 243 604 279 Antiphonae.

216 309 247 341 1.
273 310 392 348 Justus,
417 317 525 347 verax,
549 308 700 340 innocuus

271 355 355 386 Altis
380 355 512 394 quiescit
536 355 672 394 sedibus,

269 401 330 432 Per
354 408 444 440 quem
468 401 596 439 maligni
621 400 664 431 ad
685 400 816 432 nihilum

268 446 429 478 Haeretici
455 447 584 478 deducti
608 449 691 478 sunt.

211 508 242 540 2.
269 506 479 546 Desideravit,
504 505 620 538 fruitur

273 552 419 584 Gaudens
446 552 531 584 coelo
555 553 644 584 vultu
667 552 738 590 Dei⁷

269 598 421 630 Fructum
444 606 610 637 semenque
632 597 800 636 pessimum

270 644 319 675 De
342 647 428 676 terra
452 644 504 683 qui
530 642 728 682 disperdidit.

214 705 244 736 3.
271 704 340 735 Rex
361 704 479 743 gloriae
501 703 584 734 bello
607 705 719 741 potens

268 751 329 781 Per
351 749 588 780 mundicordem
612 748 752 787 militem,

269 796 363 827 Suam
387 797 587 834 quaerentem
610 793 732 833 faciem,

265 841 413 873 Dolosam
438 841 552 872 stravit
575 840 682 872 aciem.

210 899 242 931 4.
270 896 445 929 Conventus
472 895 707 935 malignantium

268 943 378 982 Iniqua
401 943 614 981 perscrutatus
640 944 697 980 est,

269 989 337 1019 Alti
360 988 447 1019 venit
471 987 575 1019 cordis
599 987 690 1018 homo

267 1034 312 1066 Et
333 1034 420 1066 Deus
446 1034 599 1065 exaltatus
625 1035 681 1066 est.

209 1091 241 1122 5.
266 1089 411 1120 Verbosa
431 1088 527 1127 pestis
552 1088 736 1128 praevalens

267 1135 403 1167 Domum
426 1134 486 1166 Dei
509 1134 684 1165 mirabilem

266 1181 397 1223 Pressit,
422 1180 532 1211 beatus
555 1179 654 1211 lectus
679 1182 736 1217 est,

268 1227 329 1258 illa
352 1228 484 1258 cadente
508 1226 587 1257 haec
609 1225 687 1257 uber
712 1228 768 1259 est.

211 1284 242 1315 6.
268 1282 293 1313 O
316 1282 423 1321 palma
443 1282 522 1313 mire
545 1279 667 1321 florida,

268 1327 328 1360 Dei
352 1335 525 1366 perornans
550 1327 640 1366 atria,

268 1374 453 1413 Augustine,
477 1372 625 1404 scientiae

268 1419 448 1451 Profundae
472 1416 678 1450 conscientiae

266 1465 414 1505 Factura,
441 1473 520 1504 quae
545 1464 631 1496 dives
654 1472 773 1503 manus,

266 1512 350 1544 Altis
371 1512 510 1550 J'ucunda
533 1510 686 1548 sensibus,

269 1558 331 1590 Per
354 1559 387 1588 te
410 1557 557 1597 perennis
580 1557 637 1588 illa
662 1557 702 1587 sit

268 1604 402 1636 Senecta
422 1607 533 1635 nostra
552 1602 630 1634 uber
654 1602 753 1634 bonis.

406 1694 609 1730 Responsoria.

212 1763 243 1796 1.
270 1762 349 1794 Inde
375 1761 515 1794 Caesaris
540 1762 719 1799 praecepto,

311 1809 406 1839 immo
430 1810 507 1838 nutu
532 1803 637 1838 divino

267 1853 471 1886 Transfertur
493 1852 706 1884 Mediolanum

314 1900 403 1939 quasi
427 1899 535 1931 rhetor
561 1898 717 1934 docturus,

200 1948 239 1981 V.
264 1947 317 1979 Ad
343 1946 461 1985 urbem,
489 1944 538 1976 cui
562 1943 762 1983 praesidebat

313 1993 461 2025 sacerdos
485 1990 679 2023 Ambrosius.

209 2056 240 2089 2.
267 2054 368 2093 Igitur
392 2051 601 2084 catechizatus

313 2109 372 2140 per
395 2101 517 2131 tantum
541 2096 711 2129 antistitem

266 2147 435 2179 Liberatur
458 2145 498 2176 ab
524 2151 638 2185 errore,

311 2194 437 2225 lavatur
459 2191 658 2231 baptismate,

199 2241 238 2274 V.
263 2240 452 2280 Diligentius
476 2238 645 2270 instructus

313 2286 466 2318 catholico
493 2284 645 2324 dogmate.

880 177 911 208 3.

870 359 908 390 V.

870 2130 909 2162 V.

878 2235 909 2266 3.

937 174 1071 214 Spiritus
1095 174 1195 205 sancti
1218 176 1344 205 renatus

982 223 1014 251 et
1035 221 1171 259 repletus
1196 219 1296 259 gratia

938 267 1086 299 Omnibus
1110 266 1226 297 saeculi
1250 265 1372 305 pompis

983 312 1087 344 statim
1110 312 1216 344 valere
1237 312 1361 343 nuntiat

934 358 1026 390 Fidei
1048 359 1089 390 ad
1112 357 1213 390 Deum
1236 358 1367 390 tendens

984 407 1015 435 et
1038 404 1150 436 amoris
1175 404 1327 443 passibus,

935 450 986 482 Ne
1005 450 1081 489 quid
1104 450 1237 481 animum
1266 449 1408 481 devotum

981 498 1139 527 terrenum
1162 496 1355 535 praepediat.

936 551 1013 583 Mox
1035 551 1068 582 in
1093 550 1233 583 Africam
1258 559 1425 590 regressus,

982 597 1142 628 ordinatus
1164 597 1339 636 presbyter,

937 643 1056 675 Cuncta
1078 652 1196 674 morum
1221 646 1253 674 et
1274 643 1433 674 doctrinae

983 688 1212 720 circumlustrat
1236 689 1360 727 lumine,

936 734 1011 765 Cum
1034 734 1221 773 quibusdam
1244 733 1306 765 sibi
1326 734 1438 773 junctis

981 780 1089 811 vivens
1113 779 1292 818 apostolice.

1002 889 1047 920 In
1073 890 1103 921 3.
1128 889 1351 921 Nocturno.

1079 952 1123 979 Ad
1143 951 1270 978 Cantica.

936 1013 997 1045 Hic
1020 1013 1078 1045 tibi
1104 1021 1195 1052 quam
1219 1011 1322 1044 fuerat

981 1059 1135 1098 sapientia
1160 1058 1259 1090 dulcis
1282 1059 1391 1097 amica,

935 1105 1118 1143 Augustine,
1144 1113 1231 1135 suam

983 1151 1055 1183 dum
1079 1150 1175 1189 gemis
1200 1150 1239 1181 ad
1265 1150 1408 1189 patriam,

936 1197 1119 1235 Susceptum
1143 1203 1256 1234 supera

980 1243 1108 1274 tandem
1131 1242 1250 1273 solatur
1272 1243 1306 1272 in
1330 1241 1402 1273 aula

933 1288 978 1320 Et
1002 1297 1106 1319 carum
1130 1288 1258 1328 proprio

983 1333 1126 1366 confovet
1149 1333 1182 1364 in
1205 1332 1339 1372 gremi03

933 1382 1024 1412 Hanc
1047 1388 1104 1411 nos
1129 1387 1277 1418 corporeo

981 1425 1033 1457 fac
1058 1425 1261 1457 delectamine
1284 1427 1390 1463 spreto

939 1471 991 1503 Sic
1014 1472 1159 1504 ardendo
1179 1479 1275 1510 sequ1‚

981 1518 1027 1549 sic
1051 1520 1082 1549 et
1105 1517 1249 1549 habendo
1274 1515 1344 1548 frui.

1074 1598 1276 1635 Responsoria.

935 1661 1088 1692 Processu
1113 1667 1233 1699 quoque
1255 1659 1405 1697 temporis

935 1707 1051 1738 Factus
1076 1707 1206 1737 antistes
1231 1704 1386 1744 Hipponis

935 1753 1066 1784 Publice
1088 1755 1181 1791 atque
1202 1751 1350 1790 privatim

983 1800 1073 1830 docet
1100 1797 1226 1828 verbum
1250 1796 1359 1827 salutis

935 1844 1051 1876 Contra
1076 1844 1219 1875 haereses
1244 1841 1409 1874 Africanas

982 1891 1117 1921 maxime
1138 1888 1329 1921 Donatistas.

935 1945 1097 1985 Aliquanti
1122 1946 1194 1984 post
1215 1944 1320 1983 elapso

980 1991 1130 2031 temporis
1155 1990 1307 2022 curriculo

935 2037 1078 2070 Africam
1099 2037 1217 2076 triplex
1239 2037 1378 2075 pervasit

981 2084 1191 2116 Ba-rbarorum
1214 2082 1343 2123 invasio,

933 2130 1042 2170 Ferro,
1060 2130 1190 2162 flammis
1207 2133 1317 2161 cuncta
1333 2130 1479 2172 perdens,

982 2177 1064 2209 Fide
1086 2175 1195 2209 favens
1220 2177 1308 2209 Ario.

936 2233 1055 2265 Videns
1080 2240 1152 2273 ergo
1176 2232 1285 2264 urbem
1308 2241 1395 2263 suam

981 2279 1120 2311 hostibus
1146 2279 1378 2316 circumdatam,
