1674 2492
229 147 261 178 in
286 156 340 179 ore
363 149 491 189 veritas,

184 194 284 225 Actus
309 194 452 236 simplex,

230 238 320 278 fides,
345 249 428 281 spes,
453 243 577 280 caritas,

151 311 158 319 .
184 286 309 325 Lectus,
336 286 433 327 cibus,

234 333 330 364 vestis
353 333 506 372 asperitas

185 379 228 411 Et
251 387 338 410 mens
362 379 479 412 munda

235 425 336 457 carnis
359 427 390 457 et
415 426 550 458 castitas.

156 515 162 522 .
189 491 312 523 Nautae
331 490 426 523 maris

235 537 319 576 passi
344 536 508 576 naufragia

188 583 326 616 Thomae
349 586 472 625 vovent,

233 632 347 668 petunt
368 630 524 671 suffragia,

190 677 261 709 Lux
287 676 326 709 de
351 677 444 709 caelis

240 723 404 756 descendit
425 724 526 764 ignea,

190 771 331 809 cessant,
357 770 472 802 cedunt

236 819 348 848 cuncta
372 817 537 849 contraria.

157 890 163 896 .
189 864 268 895 Tres
293 863 442 895 candelae

235 911 306 941 luce
329 910 454 942 siderea

192 956 271 988 Sunt
294 965 454 997 accensae,

236 1004 410 1034 mulcentur
434 1004 543 1034 maria.

259 1148 305 1180 In
331 1149 362 1180 2.
389 1146 611 1180 Nocturno.

337 1220 531 1256 Antiphonae.

158 1305 164 1312 .
191 1279 305 1310 Mundi
329 1277 450 1316 sprevit
473 1277 613 1317 gloriam,

239 1324 361 1363 sprevit
381 1324 560 1362 vanitatem,

191 1371 261 1403 Non
288 1370 410 1410 quaerit
432 1370 639 1408 mendacium,

239 1417 362 1456 quaerit
385 1417 558 1448 veritatem.

158 1508 164 1516 ,
190 1482 311 1514 Peribit
334 1482 383 1513 vir
406 1481 587 1520 sanguinum

240 1531 272 1559 et
295 1536 366 1569 spes
391 1528 567 1567 impiorum,

192 1575 264 1607 Erit
290 1575 481 1614 exspectatio

238 1622 361 1653 laetitia
382 1621 546 1661 justorum.

162 1711 169 1721 .
194 1687 296 1727 Super
321 1688 424 1718 coelos
447 1687 574 1718 inclitus

242 1733 378 1765 Thomas
403 1734 542 1765 elevatus

192 1780 321 1812 Honore
345 1782 377 1811 et
400 1779 500 1818 gloria

240 1828 353 1866 regnat
377 1827 550 1858 decoratus,

332 1900 535 1936 Responsoria.

161 1984 169 1992 .
195 1959 314 1990 Parens
338 1959 447 1996 partus

239 2005 356 2044 septies
381 2003 510 2043 fecerat,

192 2052 255 2085 Sed
282 2050 445 2084 defunctos

238 2101 348 2131 octavo
373 2098 499 2137 tulerat,

192 2146 381 2178 Abortivum

239 2194 322 2225 hunc
345 2193 582 2224 mensuraverat

196 2240 292 2272 Servo
316 2239 388 2280 Dei,

240 2296 330 2328 quem
355 2289 480 2319 sanctus
501 2285 641 2318 suscitat.

726 57 793 91 249
840 78 887 82 -

788 152 826 186 V,
852 152 945 193 Ecce,
970 151 1056 183 Deus

901 199 1041 229 sanctum
1064 196 1218 236 mirificat,

853 244 913 283 Qui
936 241 1116 275 defunctum

901 288 997 321 fetum
1021 289 1167 321 vivificat.

800 356 830 387 2.
857 355 968 386 Pastor
991 354 1073 386 hosti

902 409 1025 432 murum
1049 402 1203 441 opposuit,

858 447 928 478 Nec
950 447 1089 478 laborem

904 502 962 525 nec
985 495 1114 525 mortem
1139 493 1251 534 timuit,

857 539 897 571 Vi
920 540 1110 579 praedonem

902 586 1023 626 praeda
1049 586 1198 627 destituit,

858 633 976 665 Domus
999 633 1060 665 Dei

901 680 974 719 jura
996 679 1142 712 restituit.

794 727 829 759 V.
853 726 986 765 Magnus
1009 736 1122 766 magna

904 771 979 804 feeit
1000 776 1033 804 et
1056 772 1171 813 docuit,

862 819 917 851 Pia
942 820 1059 851 cunctis

908 867 1049 905 exempla
1071 865 1225 904 praebuit.

802 932 833 963 3.
859 931 988 963 Praesui
1012 938 1143 969 pascens

906 984 1030 1017 gregem
1052 976 1239 1008 dominicum

861 1024 913 1055 Ad
938 1032 1112 1054 mensuram

907 1070 1043 1109 partitur
1067 1070 1215 1112 triticum,

862 1116 1000 1156 Duplum
1024 1114 1123 1147 refert

908 1163 1059 1194 talentum
1079 1161 1238 1201 traditum,

863 1209 939 1241 Post
961 1208 1100 1240 laborem

910 1257 1007 1287 intrat
1029 1255 1062 1286 in
1086 1255 1240 1294 gaudium.

798 1302 835 1335 V.
861 1302 973 1334 Omnes
997 1302 1124 1340 quidem

911 1350 1038 1379 currunt
1061 1356 1119 1387 per
1142 1349 1286 1387 stadium,

864 1395 999 1426 Thomas
1025 1403 1151 1426 currens

911 1441 1034 1481 accepit
1057 1441 1208 1473 bravium.

930 1581 975 1613 In
1001 1582 1031 1613 3.
1058 1579 1282 1613 Nocturno.

1009 1664 1200 1699 Antiphonae.

808 1733 837 1764 1.
864 1731 1022 1771 Malignus
1046 1732 1078 1762 in
1102 1730 1231 1761 nihilum

909 1778 982 1809 huic
1003 1778 1087 1816 Justo
1113 1777 1274 1817 deductus,

865 1825 1001 1864 Operum
1021 1824 1162 1862 justitiae

913 1871 1065 1911 gloriosus
1090 1869 1218 1903 fructus

808 1939 838 1969 2.
865 1936 1001 1968 Posuisti
1027 1935 1122 1976 capiti

910 1982 1047 2014 Thomae
1071 1982 1203 2023 glorioso

864 2029 1015 2061 Coronam
1042 2030 1080 2060 de
1104 2028 1219 2069 lapide,

909 2075 1042 2115 Christe,
1067 2077 1212 2116 pretioso.

809 2144 841 2175 3.
866 2142 1015 2180 Mundus,
1041 2151 1147 2182 verax,
1169 2142 1318 2176 innocens

911 2197 969 2228 per
994 2187 1190 2221 dilectionem

868 2236 1002 2274 Accepit
1025 2246 1044 2267 a
1066 2236 1199 2269 Domino

915 2282 1170 2317 benedictionem.
