1656 2491
303 169 458 200 Exaltasti
479 169 511 199 in
535 168 688 206 supernis,

305 214 445 246 Clemens
470 215 556 245 salva
577 221 631 244 nos
655 211 783 251 meritis,

304 260 454 298 Martyris
478 259 523 289 tui
546 261 675 296 precatu

305 306 432 337 Solvens
456 305 494 335 ab
520 303 601 334 omni
625 305 721 333 reatu.

371 388 400 417 A
411 387 429 417 d
453 385 605 416 Matuti
616 393 710 416 num.

437 444 649 471 Invitatorium.

306 491 460 523 Christum
483 490 643 521 laudemus

350 536 471 575 istaque
497 536 547 567 die
567 535 742 575 jubilemus,

305 583 370 621 Qua
394 582 515 613 scandit
538 589 666 620 superos

353 627 555 659 Colomannus
588 627 726 658 Scoticus
743 627 844 657 heros.

370 711 415 741 In
441 711 469 741 1.
494 708 524 740 N
537 713 719 740 octurno.

447 767 637 802 Antiphonae.

275 846 281 854 ,
306 820 421 851 Beatus
444 819 493 849 vir
518 818 731 856 Colomannus,

307 866 343 896 In
367 865 481 895 mundo
505 864 732 903 glorificandus.

307 911 421 949 Legem
444 910 597 940 meditans
621 909 747 940 Domini

308 956 445 994 Reliquit
469 956 571 986 omnia
593 955 708 986 mundi.

276 1035 283 1042 .
306 1010 391 1048 Ergo
414 1011 445 1040 in
470 1011 581 1040 timore
606 1013 689 1041 casto

308 1055 431 1086 Ser-vire
454 1058 596 1094 satagens
625 1054 747 1086 Christo

309 1100 435 1132 Crucem
458 1100 610 1139 bajulavit
632 1101 743 1131 mentis

308 1147 458 1184 Indigena
482 1146 659 1178 occidentis.

276 1228 282 1233 .
308 1201 401 1232 Unde
424 1201 508 1232 Deus
529 1201 669 1238 justitiae

307 1246 400 1277 Hunc
422 1246 564 1277 coelestis
587 1246 725 1277 laetitiae

308 1291 379 1330 Spe,
405 1291 507 1322 fructu
531 1290 716 1331 mirificavit,

308 1337 370 1369 Pro
395 1346 453 1376 quo
476 1338 576 1368 laetus
601 1338 760 1368 exsulavit.

276 1417 281 1423 .
309 1391 401 1422 Scuto
426 1392 524 1422 bonae
546 1392 712 1422 voluntatis

310 1437 447 1467 Munitus
472 1438 520 1467 vir
543 1437 667 1475 pietatis

309 1482 401 1513 Venit
424 1483 456 1513 in
481 1486 596 1513 terram
619 1482 765 1514 Noricam

309 1529 413 1559 Iturus
437 1527 670 1566 Jerosolymam.

277 1608 284 1614 .
310 1583 334 1614 O
360 1591 449 1621 quam
474 1586 521 1613 est
544 1583 727 1614 admirabile

309 1628 426 1659 Nomen
450 1631 546 1662 tuum,
571 1629 729 1667 altissime,

309 1675 346 1705 In
372 1682 430 1712 quo
454 1678 577 1705 sanctus
604 1673 806 1706 colomannus

309 1719 474 1760 Tripudiat
499 1720 699 1758 coronandus.

276 1799 283 1806 .
308 1774 440 1805 Domino
466 1774 621 1806 confidens
642 1775 743 1813 justus

311 1820 426 1859 impios
449 1829 512 1851 non
536 1824 584 1850 est
606 1821 733 1859 verituS,

309 1866 366 1904 Qui
388 1874 456 1896 eum
480 1869 550 1897 sunt
573 1867 727 1904 persecuti

310 1911 418 1950 Inique
442 1911 522 1942 falsa
543 1912 646 1943 locuti.

444 1978 646 2013 Responsoria.

275 2051 282 2057 .
308 2026 384 2058 Jesu
407 2033 536 2064 sequens
560 2026 690 2065 vestigia

310 2071 513 2102 Colomannus
537 2071 701 2110 Scotigena

309 2118 338 2148 It
362 2116 533 2148 Jerusalem
557 2121 736 2149 terrestrem

307 2163 412 2194 Morte
436 2167 592 2202 emptmus
618 2165 791 2206 coelestem,

274 2236 281 2243 ,
306 2209 458 2240 Mundum
483 2210 608 2248 reliquit
628 2212 752 2242 noxium

308 2254 438 2287 Fontem
463 2255 595 2287 sitiendo
619 2258 731 2289 vivum.

910 165 940 195 2.

911 467 941 498 §.Q

902 648 942 679 V.

911 769 942 799 4.

966 163 1015 194 Ex
1041 163 1104 193 alto
1130 162 1270 195 Christus
1295 160 1394 192 oritur

969 208 1148 246 Orientiqne
1171 207 1339 246 providens

966 255 1003 286 ln
1028 254 1183 293 regionem
1207 253 1355 285 Noricam

969 300 1155 331 Transmisit
1177 308 1263 330 suum
1289 298 1447 335 athletam,

932 372 939 378 .
966 346 1079 378 Curam
1103 346 1196 378 saluti
1219 345 1375 377 hominum

967 392 1154 430 Impendens
1178 395 1286 422 auctor
1310 390 1455 422 omnium.

967 465 1099 496 Immitis
1123 473 1197 504 gens
1222 464 1357 496 Orientis

965 512 1073 541 Virum
1099 509 1229 541 deificae
1251 509 1364 540 mentis

967 557 1112 595 Inculpat
1134 555 1240 594 flagris
1264 556 1437 593 multatum,

968 602 1055 640 Quod
1079 602 1152 632 ierit
1175 602 1379 640 exploratum,

968 646 1102 680 Pacifice
1126 647 1334 679 ambulantem

971 694 1046 725 Cum
1070 694 1128 732 his,
1155 694 1205 732 qui
1231 693 1366 725 oderunt
1383 700 1501 731 pacem.

968 768 1045 798 Post
1066 767 1213 797 immania
1236 769 1389 798 tormenta

967 812 1087 844 Judicis
1113 821 1151 843 ex
1172 813 1328 844 sententia

968 858 1058 889 Assis
1083 859 1148 889 ovis
1172 859 1336 897 ustulatur,

967 904 1050 935 Hinc
1075 904 1278 935 Colomannus
1301 905 1446 944 laetatur,

967 949 1073 980 Justus
1097 952 1132 979 ut
1154 950 1203 980 leo
1229 949 1365 988 confidit,

968 995 1037 1032 Qui,
1064 996 1136 1026 dum
1159 999 1293 1026 tortores
1316 996 1426 1035 irrisit,

969 1041 1058 1071 Assis
1083 1042 1149 1072 ovis
1172 1042 1336 1074 ustulatur.

1031 1159 1077 1190 In
1102 1161 1134 1191 2.
1159 1159 1383 1191 Nocturno.

1111 1222 1302 1258 Antiphonae.

935 1302 943 1312 .
969 1278 1110 1316 Domine,
1133 1279 1194 1308 iste
1217 1278 1326 1310 beatus

969 1325 1128 1356 Justitiam
1152 1328 1309 1363 operatus,

969 1369 1050 1402 Dum
1077 1372 1183 1401 contra
1207 1370 1401 1409 iniquitatem

969 1414 1134 1447 Professus
1159 1418 1207 1446 est
1228 1416 1401 1451 veritatem.

938 1513 945 1520 .
971 1488 1094 1519 Virtute
1117 1491 1180 1526 tua,
1206 1497 1261 1519 rex
1285 1489 1418 1532 Christe,

967 1534 1115 1565 Exsultat
1138 1543 1172 1565 se
1195 1535 1355 1573 peperisse

968 1579 1164 1611 Desiderium
1190 1581 1311 1611 animae

970 1626 1093 1664 Martyr
1117 1631 1239 1657 certans
1262 1627 1407 1666 legitime.

937 1724 942 1731 .
970 1698 1120 1730 Innocens
1143 1708 1235 1731 manu
1260 1701 1377 1739 beatus,

969 1744 1089 1776 Mundo
1115 1747 1210 1777 corde
1233 1747 1395 1788 animatus,

969 1790 1125 1821 Patientia
1148 1800 1239 1830 quam
1262 1793 1343 1824 mira

968 1837 1103 1867 Pertulit
1126 1840 1280 1870 tormenta
1306 1840 1382 1872 dira.

937 1934 945 1942 .
969 1909 1144 1942 Exauditus
1168 1915 1288 1951 martyr
1311 1918 1435 1946 sanctus

969 1956 1088 1987 Poenas
1113 1957 1240 1995 sprevit,
1265 1967 1362 1998 regna
1384 1962 1473 2004 petit,

969 2001 1153 2032 Laetabitur
1175 2004 1208 2034 in
1233 2004 1374 2047 Domino,

970 2047 1156 2087 Triumphat
1180 2049 1252 2080 dum
1277 2054 1455 2091 suspendio.

937 2146 943 2153 .
968 2122 1005 2152 In
1030 2120 1104 2153 Sion
1124 2123 1189 2161 jam
1213 2133 1295 2156 nunc
1320 2126 1445 2159 coelesti

970 2168 1094 2210 Beatus,
1122 2177 1211 2207 quem
1237 2172 1367 2211 elegisti⁴

973 2214 1084 2245 Votum
1108 2215 1249 2248 reddidit
1271 2219 1465 2263 hymnizans,

971 2261 1059 2298 Quod
1084 2263 1235 2300 quaesivit
1259 2267 1435 2304 agonizans,
