<?xml version="1.0" encoding="UTF-8"?>
<!DOCTYPE html PUBLIC "-//W3C//DTD XHTML 1.0 Transitional//EN"
    "http://www.w3.org/TR/xhtml1/DTD/xhtml1-transitional.dtd">
<html xmlns="http://www.w3.org/1999/xhtml" xml:lang="en" lang="en">
 <head>
  <title>
</title>
<meta http-equiv="Content-Type" content="text/html;charset=utf-8" />
  <meta name='ocr-system' content='tesseract 3.04.00' />
  <meta name='ocr-capabilities' content='ocr_page ocr_carea ocr_par ocr_line ocrx_word'/>
</head>
<body>
  <div class='ocr_page' id='page_1' title='image "./analectahymnica13drevuoft_00100.png"; bbox 0 0 1674 2492; ppageno 0'>
   <div class='ocr_carea' id='block_1_1' title="bbox 679 78 911 112">
    <p class='ocr_par' dir='ltr' id='par_1_1' title="bbox 679 78 911 112">
     <span class='ocr_line' id='line_1_1' title="bbox 679 78 911 112; baseline -0.009 -9"><span class='ocrx_word' id='word_1_1' title='bbox 679 78 911 112; x_wconf 39' lang='lat'>*97—</span> 
     </span>
    </p>
   </div>
   <div class='ocr_carea' id='block_1_2' title="bbox 172 170 707 347">
    <p class='ocr_par' dir='ltr' id='par_1_2' title="bbox 172 170 707 347">
     <span class='ocr_line' id='line_1_2' title="bbox 172 170 648 213; baseline 0.006 -13"><span class='ocrx_word' id='word_1_2' title='bbox 172 171 195 199; x_wconf 74' lang='lat'>‘.</span> <span class='ocrx_word' id='word_1_3' title='bbox 221 170 380 208; x_wconf 84' lang='lat' dir='ltr'>Integrum</span> <span class='ocrx_word' id='word_1_4' title='bbox 406 178 517 209; x_wconf 85' lang='lat' dir='ltr'>corpus</span> <span class='ocrx_word' id='word_1_5' title='bbox 541 172 648 213; x_wconf 84' lang='lat' dir='ltr'>viguit,</span> 
     </span>
     <span class='ocr_line' id='line_1_3' title="bbox 220 215 687 254; baseline 0.006 -8"><span class='ocrx_word' id='word_1_6' title='bbox 220 215 410 254; x_wconf 88' lang='lat' dir='ltr'>Dependens</span> <span class='ocrx_word' id='word_1_7' title='bbox 436 219 521 248; x_wconf 84' lang='lat' dir='ltr'>corta</span> <span class='ocrx_word' id='word_1_8' title='bbox 546 217 687 249; x_wconf 84' lang='lat' dir='ltr'><strong>fronduit</strong></span> 
     </span>
     <span class='ocr_line' id='line_1_4' title="bbox 221 261 707 300; baseline 0.004 -7"><span class='ocrx_word' id='word_1_9' title='bbox 221 261 318 293; x_wconf 73' lang='lat' dir='ltr'>Juxta</span> <span class='ocrx_word' id='word_1_10' title='bbox 341 263 426 300; x_wconf 83' lang='lat' dir='ltr'>qnod</span> <span class='ocrx_word' id='word_1_11' title='bbox 448 261 554 294; x_wconf 81' lang='lat' dir='ltr'>David</span> <span class='ocrx_word' id='word_1_12' title='bbox 580 264 707 296; x_wconf 75' lang='lat' dir='ltr'>cecinit:</span> 
     </span>
     <span class='ocr_line' id='line_1_5' title="bbox 220 308 673 347; baseline 0 -7"><span class='ocrx_word' id='word_1_13' title='bbox 220 308 329 340; x_wconf 82' lang='lat' dir='ltr'>Justus</span> <span class='ocrx_word' id='word_1_14' title='bbox 353 310 388 338; x_wconf 93' lang='lat' dir='ltr'>ut</span> <span class='ocrx_word' id='word_1_15' title='bbox 410 308 516 347; x_wconf 85' lang='lat' dir='ltr'>palma</span> <span class='ocrx_word' id='word_1_16' title='bbox 540 308 673 342; x_wconf 84' lang='lat' dir='ltr'>florebit.</span> 
     </span>
    </p>
   </div>
   <div class='ocr_carea' id='block_1_3' title="bbox 358 379 563 415">
    <p class='ocr_par' dir='ltr' id='par_1_3' title="bbox 358 379 563 415">
     <span class='ocr_line' id='line_1_6' title="bbox 358 379 563 415; baseline 0.01 -9"><span class='ocrx_word' id='word_1_17' title='bbox 358 379 563 415; x_wconf 83' lang='lat' dir='ltr'>Responsoria.</span> 
     </span>
    </p>
   </div>
   <div class='ocr_carea' id='block_1_4' title="bbox 187 430 680 700">
    <p class='ocr_par' dir='ltr' id='par_1_4' title="bbox 188 430 667 602">
     <span class='ocr_line' id='line_1_7' title="bbox 188 430 602 464; baseline -0.005 0"><span class='ocrx_word' id='word_1_18' title='bbox 188 458 195 464; x_wconf 93' lang='lat'>.</span> <span class='ocrx_word' id='word_1_19' title='bbox 222 430 357 462; x_wconf 79' lang='lat' dir='ltr'>coelesti</span> <span class='ocrx_word' id='word_1_20' title='bbox 381 430 505 462; x_wconf 85' lang='lat' dir='ltr'>afflatus</span> <span class='ocrx_word' id='word_1_21' title='bbox 530 440 602 464; x_wconf 82' lang='lat' dir='ltr'>rore</span> 
     </span>
     <span class='ocr_line' id='line_1_8' title="bbox 222 477 579 516; baseline 0.006 -9"><span class='ocrx_word' id='word_1_22' title='bbox 222 477 313 508; x_wconf 77' lang='lat' dir='ltr'>Vinci</span> <span class='ocrx_word' id='word_1_23' title='bbox 338 486 357 508; x_wconf 92' lang='lat' dir='ltr'>a</span> <span class='ocrx_word' id='word_1_24' title='bbox 378 481 579 516; x_wconf 82' lang='lat' dir='ltr'>persecutore</span> 
     </span>
     <span class='ocr_line' id='line_1_9' title="bbox 221 522 667 565; baseline 0.004 -11"><span class='ocrx_word' id='word_1_25' title='bbox 221 522 427 555; x_wconf 84' lang='lat' dir='ltr'>Colomannus</span> <span class='ocrx_word' id='word_1_26' title='bbox 451 533 512 555; x_wconf 92' lang='lat' dir='ltr'>non</span> <span class='ocrx_word' id='word_1_27' title='bbox 534 526 667 565; x_wconf 87' lang='lat' dir='ltr'>poterat,</span> 
     </span>
     <span class='ocr_line' id='line_1_10' title="bbox 223 569 629 602; baseline 0.005 -2"><span class='ocrx_word' id='word_1_28' title='bbox 223 569 280 600; x_wconf 86' lang='lat' dir='ltr'>Cui</span> <span class='ocrx_word' id='word_1_29' title='bbox 304 569 384 600; x_wconf 89' lang='lat' dir='ltr'>mori</span> <span class='ocrx_word' id='word_1_30' title='bbox 407 570 528 601; x_wconf 82' lang='lat' dir='ltr'>lucrum</span> <span class='ocrx_word' id='word_1_31' title='bbox 553 573 629 602; x_wconf 86' lang='lat' dir='ltr'>erat.</span> 
     </span>
    </p>

    <p class='ocr_par' dir='ltr' id='par_1_5' title="bbox 187 615 680 655">
     <span class='ocr_line' id='line_1_11' title="bbox 187 615 680 655; baseline 0.004 -9"><span class='ocrx_word' id='word_1_32' title='bbox 187 640 193 646; x_wconf 92' lang='lat'><em>.</em></span> <span class='ocrx_word' id='word_1_33' title='bbox 223 615 342 655; x_wconf 85' lang='lat' dir='ltr'>Vincla,</span> <span class='ocrx_word' id='word_1_34' title='bbox 369 623 509 647; x_wconf 80' lang='lat' dir='ltr'>carceres</span> <span class='ocrx_word' id='word_1_35' title='bbox 534 619 680 655; x_wconf 85' lang='lat' dir='ltr'>expertus</span> 
     </span>
    </p>

    <p class='ocr_par' dir='ltr' id='par_1_6' title="bbox 218 661 621 700">
     <span class='ocr_line' id='line_1_12' title="bbox 218 661 621 700; baseline 0 -8"><span class='ocrx_word' id='word_1_36' title='bbox 218 661 414 692; x_wconf 85' lang='lat' dir='ltr'>Persistebat</span> <span class='ocrx_word' id='word_1_37' title='bbox 436 661 621 700; x_wconf 86' lang='lat' dir='ltr'>intrepidus.</span> 
     </span>
    </p>
   </div>
   <div class='ocr_carea' id='block_1_5' title="bbox 184 716 742 977">
    <p class='ocr_par' dir='ltr' id='par_1_7' title="bbox 187 716 577 755">
     <span class='ocr_line' id='line_1_13' title="bbox 187 716 577 755; baseline 0 -8"><span class='ocrx_word' id='word_1_38' title='bbox 187 741 193 747; x_wconf 94' lang='lat'><em>.</em></span> <span class='ocrx_word' id='word_1_39' title='bbox 219 716 373 755; x_wconf 83' lang='lat' dir='ltr'>Agonista</span> <span class='ocrx_word' id='word_1_40' title='bbox 396 716 577 755; x_wconf 78' lang='lat' dir='ltr'>magnificus</span> 
     </span>
    </p>

    <p class='ocr_par' dir='ltr' id='par_1_8' title="bbox 219 762 557 793">
     <span class='ocr_line' id='line_1_14' title="bbox 219 762 557 793; baseline -0.003 0"><span class='ocrx_word' id='word_1_41' title='bbox 219 762 320 793; x_wconf 86' lang='lat' dir='ltr'>Isaico</span> <span class='ocrx_word' id='word_1_42' title='bbox 344 770 431 793; x_wconf 91' lang='lat' dir='ltr'>more</span> <span class='ocrx_word' id='word_1_43' title='bbox 455 764 557 792; x_wconf 84' lang='lat' dir='ltr'>sectus</span> 
     </span>
    </p>

    <p class='ocr_par' dir='ltr' id='par_1_9' title="bbox 219 805 604 846">
     <span class='ocr_line' id='line_1_15' title="bbox 219 805 604 846; baseline -0.003 -7"><span class='ocrx_word' id='word_1_44' title='bbox 219 807 374 839; x_wconf 78' lang='lat' dir='ltr'><strong>Sustinuit</strong></span> <span class='ocrx_word' id='word_1_45' title='bbox 399 812 430 838; x_wconf 88' lang='lat' dir='ltr'>et</span> <span class='ocrx_word' id='word_1_46' title='bbox 453 805 604 846; x_wconf 82' lang='lat' dir='ltr'>forcipem</span> 
     </span>
    </p>

    <p class='ocr_par' dir='ltr' id='par_1_10' title="bbox 184 853 742 977">
     <span class='ocr_line' id='line_1_16' title="bbox 219 853 742 893; baseline 0 -8"><span class='ocrx_word' id='word_1_47' title='bbox 219 853 422 885; x_wconf 83' lang='lat' dir='ltr'><strong>Membratim</strong></span> <span class='ocrx_word' id='word_1_48' title='bbox 446 861 480 883; x_wconf 89' lang='lat' dir='ltr'>se</span> <span class='ocrx_word' id='word_1_49' title='bbox 506 853 742 893; x_wconf 81' lang='lat' dir='ltr'>discerpentem,</span> 
     </span>
     <span class='ocr_line' id='line_1_17' title="bbox 184 899 690 938; baseline -0.002 -8"><span class='ocrx_word' id='word_1_50' title='bbox 184 924 191 930; x_wconf 96' lang='lat'>.</span> <span class='ocrx_word' id='word_1_51' title='bbox 216 900 342 938; x_wconf 78' lang='lat' dir='ltr'>Mai-tyr</span> <span class='ocrx_word' id='word_1_52' title='bbox 365 900 513 931; x_wconf 84' lang='lat' dir='ltr'>innocens</span> <span class='ocrx_word' id='word_1_53' title='bbox 538 902 570 930; x_wconf 88' lang='lat' dir='ltr'>et</span> <span class='ocrx_word' id='word_1_54' title='bbox 588 899 690 937; x_wconf 85' lang='lat' dir='ltr'>justus</span> 
     </span>
     <span class='ocr_line' id='line_1_18' title="bbox 221 945 673 977; baseline 0 0"><span class='ocrx_word' id='word_1_55' title='bbox 221 946 324 977; x_wconf 79' lang='lat' dir='ltr'>Petris</span> <span class='ocrx_word' id='word_1_56' title='bbox 350 945 553 977; x_wconf 83' lang='lat' dir='ltr'>candentibus</span> <span class='ocrx_word' id='word_1_57' title='bbox 577 948 673 977; x_wconf 88' lang='lat' dir='ltr'>ustus.</span> 
     </span>
    </p>
   </div>
   <div class='ocr_carea' id='block_1_6' title="bbox 163 999 573 1041">
    <p class='ocr_par' dir='ltr' id='par_1_11' title="bbox 163 999 573 1041">
     <span class='ocr_line' id='line_1_19' title="bbox 163 999 573 1041; baseline 0.007 -13"><span class='ocrx_word' id='word_1_58' title='bbox 163 1002 193 1032; x_wconf 62' lang='lat' dir='ltr'>t‘.</span> <span class='ocrx_word' id='word_1_59' title='bbox 220 999 418 1041; x_wconf 81' lang='lat' dir='ltr'>Septiformis</span> <span class='ocrx_word' id='word_1_60' title='bbox 443 1000 573 1039; x_wconf 86' lang='lat' dir='ltr'>spiritus</span> 
     </span>
    </p>
   </div>
   <div class='ocr_carea' id='block_1_7' title="bbox 183 1045 652 1263">
    <p class='ocr_par' dir='ltr' id='par_1_12' title="bbox 183 1045 652 1263">
     <span class='ocr_line' id='line_1_20' title="bbox 218 1045 652 1079; baseline -0.002 -1"><span class='ocrx_word' id='word_1_61' title='bbox 218 1047 309 1079; x_wconf 89' lang='lat' dir='ltr'>Dono</span> <span class='ocrx_word' id='word_1_62' title='bbox 336 1047 421 1078; x_wconf 76' lang='lat' dir='ltr'>dives</span> <span class='ocrx_word' id='word_1_63' title='bbox 447 1045 652 1078; x_wconf 84' lang='lat' dir='ltr'>Colomannus</span> 
     </span>
     <span class='ocr_line' id='line_1_21' title="bbox 219 1093 620 1125; baseline -0.005 0"><span class='ocrx_word' id='word_1_64' title='bbox 219 1093 386 1125; x_wconf 72' lang='lat' dir='ltr'>Tor-torum</span> <span class='ocrx_word' id='word_1_65' title='bbox 412 1093 620 1124; x_wconf 76' lang='lat' dir='ltr'>cruciamenta</span> 
     </span>
     <span class='ocr_line' id='line_1_22' title="bbox 221 1139 644 1179; baseline -0.007 -8"><span class='ocrx_word' id='word_1_66' title='bbox 221 1139 348 1178; x_wconf 79' lang='lat' dir='ltr'>sprevit</span> <span class='ocrx_word' id='word_1_67' title='bbox 370 1141 406 1170; x_wconf 85' lang='lat' dir='ltr'>ut</span> <span class='ocrx_word' id='word_1_68' title='bbox 430 1139 644 1179; x_wconf 84' lang='lat' dir='ltr'>deliramenta,</span> 
     </span>
     <span class='ocr_line' id='line_1_23' title="bbox 183 1184 599 1223; baseline -0.005 -6"><span class='ocrx_word' id='word_1_69' title='bbox 183 1210 191 1217; x_wconf 90' lang='lat'><strong><em>.</em></strong></span> <span class='ocrx_word' id='word_1_70' title='bbox 218 1186 280 1217; x_wconf 88' lang='lat' dir='ltr'>Per</span> <span class='ocrx_word' id='word_1_71' title='bbox 302 1184 397 1216; x_wconf 86' lang='lat' dir='ltr'>fidem</span> <span class='ocrx_word' id='word_1_72' title='bbox 422 1184 599 1223; x_wconf 88' lang='lat' dir='ltr'>adoptionis</span> 
     </span>
     <span class='ocr_line' id='line_1_24' title="bbox 219 1230 614 1263; baseline 0 -1"><span class='ocrx_word' id='word_1_73' title='bbox 219 1231 339 1263; x_wconf 85' lang='lat' dir='ltr'>Ferens</span> <span class='ocrx_word' id='word_1_74' title='bbox 363 1240 418 1262; x_wconf 85' lang='lat' dir='ltr'>vas</span> <span class='ocrx_word' id='word_1_75' title='bbox 444 1230 614 1262; x_wconf 67' lang='lat' dir='ltr'>electionis</span> 
     </span>
    </p>
   </div>
   <div class='ocr_carea' id='block_1_8' title="bbox 183 1285 769 1554">
    <p class='ocr_par' dir='ltr' id='par_1_13' title="bbox 183 1285 769 1554">
     <span class='ocr_line' id='line_1_25' title="bbox 185 1285 506 1325; baseline -0.006 -5"><span class='ocrx_word' id='word_1_76' title='bbox 185 1312 192 1320; x_wconf 90' lang='lat'><strong>.</strong></span> <span class='ocrx_word' id='word_1_77' title='bbox 215 1286 354 1325; x_wconf 85' lang='lat' dir='ltr'>Belliger</span> <span class='ocrx_word' id='word_1_78' title='bbox 378 1285 506 1318; x_wconf 82' lang='lat' dir='ltr'>athleta.</span> 
     </span>
     <span class='ocr_line' id='line_1_26' title="bbox 266 1332 769 1370; baseline -0.008 -5"><span class='ocrx_word' id='word_1_79' title='bbox 266 1332 465 1370; x_wconf 85' lang='lat' dir='ltr'>Colomanne,</span> <span class='ocrx_word' id='word_1_80' title='bbox 490 1334 545 1363; x_wconf 83' lang='lat' dir='ltr'>tua</span> <span class='ocrx_word' id='word_1_81' title='bbox 568 1339 644 1362; x_wconf 86' lang='lat' dir='ltr'>nece</span> <span class='ocrx_word' id='word_1_82' title='bbox 662 1333 769 1370; x_wconf 88' lang='lat' dir='ltr'>spreta</span> 
     </span>
     <span class='ocr_line' id='line_1_27' title="bbox 222 1378 535 1410; baseline -0.01 0"><span class='ocrx_word' id='word_1_83' title='bbox 222 1378 325 1410; x_wconf 85' lang='lat' dir='ltr'>Corda</span> <span class='ocrx_word' id='word_1_84' title='bbox 348 1379 423 1409; x_wconf 84' lang='lat' dir='ltr'>mali</span> <span class='ocrx_word' id='word_1_85' title='bbox 447 1380 535 1408; x_wconf 89' lang='lat' dir='ltr'>sueta</span> 
     </span>
     <span class='ocr_line' id='line_1_28' title="bbox 266 1423 675 1463; baseline -0.005 -7"><span class='ocrx_word' id='word_1_86' title='bbox 266 1424 385 1456; x_wconf 87' lang='lat' dir='ltr'>munda</span> <span class='ocrx_word' id='word_1_87' title='bbox 406 1425 524 1463; x_wconf 85' lang='lat' dir='ltr'>pietate</span> <span class='ocrx_word' id='word_1_88' title='bbox 545 1423 675 1463; x_wconf 84' lang='lat' dir='ltr'>repleta,</span> 
     </span>
     <span class='ocr_line' id='line_1_29' title="bbox 183 1471 477 1509; baseline -0.014 -5"><span class='ocrx_word' id='word_1_89' title='bbox 183 1497 191 1504; x_wconf 94' lang='lat'><strong>.</strong></span> <span class='ocrx_word' id='word_1_90' title='bbox 215 1471 329 1502; x_wconf 82' lang='lat' dir='ltr'><strong>Mundi</strong></span> <span class='ocrx_word' id='word_1_91' title='bbox 353 1471 477 1509; x_wconf 87' lang='lat' dir='ltr'>spineta</span> 
     </span>
     <span class='ocr_line' id='line_1_30' title="bbox 264 1515 758 1554; baseline 0 -6"><span class='ocrx_word' id='word_1_92' title='bbox 264 1525 410 1549; x_wconf 84' lang='lat' dir='ltr'>resecans</span> <span class='ocrx_word' id='word_1_93' title='bbox 437 1516 478 1547; x_wconf 87' lang='lat' dir='ltr'>da</span> <span class='ocrx_word' id='word_1_94' title='bbox 500 1518 644 1554; x_wconf 87' lang='lat' dir='ltr'>tempora</span> <span class='ocrx_word' id='word_1_95' title='bbox 666 1515 758 1548; x_wconf 86' lang='lat' dir='ltr'>laeta.</span> 
     </span>
    </p>
   </div>
   <div class='ocr_carea' id='block_1_9' title="bbox 284 1617 637 1709">
    <p class='ocr_par' dir='ltr' id='par_1_14' title="bbox 284 1617 637 1709">
     <span class='ocr_line' id='line_1_31' title="bbox 284 1617 637 1651; baseline -0.014 0"><span class='ocrx_word' id='word_1_96' title='bbox 284 1619 330 1651; x_wconf 86' lang='lat' dir='ltr'>In</span> <span class='ocrx_word' id='word_1_97' title='bbox 357 1620 386 1651; x_wconf 84' lang='lat'>3.</span> <span class='ocrx_word' id='word_1_98' title='bbox 414 1617 637 1649; x_wconf 79' lang='lat' dir='ltr'>Nocturno.</span> 
     </span>
     <span class='ocr_line' id='line_1_32' title="bbox 361 1680 556 1709; baseline -0.015 0"><span class='ocrx_word' id='word_1_99' title='bbox 361 1682 407 1709; x_wconf 81' lang='lat' dir='ltr'>Ad</span> <span class='ocrx_word' id='word_1_100' title='bbox 428 1680 556 1708; x_wconf 78' lang='lat' dir='ltr'>Cantica.</span> 
     </span>
    </p>
   </div>
   <div class='ocr_carea' id='block_1_10' title="bbox 182 1736 690 1914">
    <p class='ocr_par' dir='ltr' id='par_1_15' title="bbox 182 1736 690 1914">
     <span class='ocr_line' id='line_1_33' title="bbox 182 1736 651 1778; baseline -0.011 -8"><span class='ocrx_word' id='word_1_101' title='bbox 182 1764 189 1770; x_wconf 92' lang='lat'><strong><em>.</em></strong></span> <span class='ocrx_word' id='word_1_102' title='bbox 214 1741 277 1772; x_wconf 85' lang='lat' dir='ltr'>Hic</span> <span class='ocrx_word' id='word_1_103' title='bbox 300 1741 422 1778; x_wconf 78' lang='lat' dir='ltr'><strong>martyr</strong></span> <span class='ocrx_word' id='word_1_104' title='bbox 444 1745 519 1768; x_wconf 86' lang='lat' dir='ltr'>vere</span> <span class='ocrx_word' id='word_1_105' title='bbox 542 1736 651 1767; x_wconf 80' lang='lat' dir='ltr'>beatus</span> 
     </span>
     <span class='ocr_line' id='line_1_34' title="bbox 217 1783 637 1821; baseline -0.021 -1"><span class='ocrx_word' id='word_1_106' title='bbox 217 1788 304 1820; x_wconf 85' lang='lat' dir='ltr'>Pane</span> <span class='ocrx_word' id='word_1_107' title='bbox 327 1786 411 1817; x_wconf 90' lang='lat' dir='ltr'>vitae</span> <span class='ocrx_word' id='word_1_108' title='bbox 436 1787 482 1814; x_wconf 87' lang='lat' dir='ltr'>est</span> <span class='ocrx_word' id='word_1_109' title='bbox 508 1783 637 1821; x_wconf 82' lang='lat' dir='ltr'>cibatus,</span> 
     </span>
     <span class='ocr_line' id='line_1_35' title="bbox 214 1830 690 1873; baseline -0.017 -8"><span class='ocrx_word' id='word_1_110' title='bbox 214 1834 273 1873; x_wconf 73' lang='lat' dir='ltr'>Qui</span> <span class='ocrx_word' id='word_1_111' title='bbox 297 1841 359 1863; x_wconf 90' lang='lat' dir='ltr'>non</span> <span class='ocrx_word' id='word_1_112' title='bbox 384 1830 463 1863; x_wconf 84' lang='lat' dir='ltr'>abiit</span> <span class='ocrx_word' id='word_1_113' title='bbox 485 1832 558 1868; x_wconf 85' lang='lat' dir='ltr'>post</span> <span class='ocrx_word' id='word_1_114' title='bbox 581 1837 690 1859; x_wconf 85' lang='lat' dir='ltr'>aurum</span> 
     </span>
     <span class='ocr_line' id='line_1_36' title="bbox 220 1874 654 1914; baseline -0.012 -2"><span class='ocrx_word' id='word_1_115' title='bbox 220 1880 283 1912; x_wconf 88' lang='lat' dir='ltr'>Sed</span> <span class='ocrx_word' id='word_1_116' title='bbox 309 1878 426 1909; x_wconf 84' lang='lat' dir='ltr'><strong>Christi</strong></span> <span class='ocrx_word' id='word_1_117' title='bbox 451 1874 654 1914; x_wconf 84' lang='lat' dir='ltr'>evangelium.</span> 
     </span>
    </p>
   </div>
   <div class='ocr_carea' id='block_1_11' title="bbox 355 1950 560 1986">
    <p class='ocr_par' dir='ltr' id='par_1_16' title="bbox 355 1950 560 1986">
     <span class='ocr_line' id='line_1_37' title="bbox 355 1950 560 1986; baseline -0.015 -8"><span class='ocrx_word' id='word_1_118' title='bbox 355 1950 560 1986; x_wconf 82' lang='lat' dir='ltr'>Responsoria.</span> 
     </span>
    </p>
   </div>
   <div class='ocr_carea' id='block_1_12' title="bbox 182 2002 674 2180">
    <p class='ocr_par' dir='ltr' id='par_1_17' title="bbox 182 2002 674 2180">
     <span class='ocr_line' id='line_1_38' title="bbox 182 2002 577 2043; baseline -0.013 -7"><span class='ocrx_word' id='word_1_119' title='bbox 182 2030 189 2036; x_wconf 96' lang='lat'>.</span> <span class='ocrx_word' id='word_1_120' title='bbox 216 2007 280 2038; x_wconf 87' lang='lat' dir='ltr'>Per</span> <span class='ocrx_word' id='word_1_121' title='bbox 305 2002 467 2043; x_wconf 82' lang='lat' dir='ltr'>evangelia</span> <span class='ocrx_word' id='word_1_122' title='bbox 492 2002 577 2032; x_wconf 82' lang='lat' dir='ltr'>dicta</span> 
     </span>
     <span class='ocr_line' id='line_1_39' title="bbox 217 2048 600 2085; baseline -0.021 0"><span class='ocrx_word' id='word_1_123' title='bbox 217 2053 424 2085; x_wconf 84' lang='lat' dir='ltr'>Colomannus</span> <span class='ocrx_word' id='word_1_124' title='bbox 450 2048 600 2079; x_wconf 85' lang='lat' dir='ltr'>derelicta</span> 
     </span>
     <span class='ocr_line' id='line_1_40' title="bbox 217 2094 617 2137; baseline -0.02 -5"><span class='ocrx_word' id='word_1_125' title='bbox 217 2099 319 2132; x_wconf 86' lang='lat' dir='ltr'>Gente</span> <span class='ocrx_word' id='word_1_126' title='bbox 341 2096 448 2137; x_wconf 84' lang='lat' dir='ltr'>patria</span> <span class='ocrx_word' id='word_1_127' title='bbox 472 2098 503 2125; x_wconf 87' lang='lat' dir='ltr'>et</span> <span class='ocrx_word' id='word_1_128' title='bbox 528 2094 617 2125; x_wconf 87' lang='lat' dir='ltr'>domo</span> 
     </span>
     <span class='ocr_line' id='line_1_41' title="bbox 216 2139 674 2180; baseline -0.02 -2"><span class='ocrx_word' id='word_1_129' title='bbox 216 2146 326 2178; x_wconf 86' lang='lat' dir='ltr'>Coelos</span> <span class='ocrx_word' id='word_1_130' title='bbox 350 2142 475 2175; x_wconf 79' lang='lat' dir='ltr'>scandit</span> <span class='ocrx_word' id='word_1_131' title='bbox 496 2139 674 2180; x_wconf 84' lang='lat' dir='ltr'>suspendio,</span> 
     </span>
    </p>
   </div>
   <div class='ocr_carea' id='block_1_13' title="bbox 147 2185 666 2231">
    <p class='ocr_par' dir='ltr' id='par_1_18' title="bbox 147 2185 666 2231">
     <span class='ocr_line' id='line_1_42' title="bbox 147 2185 666 2231; baseline -0.015 -7"><span class='ocrx_word' id='word_1_132' title='bbox 147 2194 185 2226; x_wconf 90' lang='lat' dir='ltr'>V.</span> <span class='ocrx_word' id='word_1_133' title='bbox 212 2193 271 2231; x_wconf 66' lang='lat' dir='ltr'>Qui</span> <span class='ocrx_word' id='word_1_134' title='bbox 297 2192 370 2222; x_wconf 90' lang='lat' dir='ltr'>dum</span> <span class='ocrx_word' id='word_1_135' title='bbox 394 2191 515 2221; x_wconf 87' lang='lat' dir='ltr'>tantum</span> <span class='ocrx_word' id='word_1_136' title='bbox 537 2185 666 2228; x_wconf 84' lang='lat' dir='ltr'>gloriari</span> 
     </span>
    </p>
   </div>
   <div class='ocr_carea' id='block_1_14' title="bbox 202 2232 689 2367">
    <p class='ocr_par' dir='ltr' id='par_1_19' title="bbox 202 2232 689 2367">
     <span class='ocr_line' id='line_1_43' title="bbox 211 2232 670 2278; baseline -0.017 -7"><span class='ocrx_word' id='word_1_137' title='bbox 211 2238 347 2278; x_wconf 82' lang='lat' dir='ltr'>Appetit</span> <span class='ocrx_word' id='word_1_138' title='bbox 369 2238 402 2268; x_wconf 90' lang='lat' dir='ltr'>in</span> <span class='ocrx_word' id='word_1_139' title='bbox 428 2243 520 2267; x_wconf 81' lang='lat' dir='ltr'>eruce</span> <span class='ocrx_word' id='word_1_140' title='bbox 544 2232 670 2271; x_wconf 82' lang='lat' dir='ltr'>Christi,</span> 
     </span>
     <span class='ocr_line' id='line_1_44' title="bbox 215 2279 676 2320; baseline -0.015 -2"><span class='ocrx_word' id='word_1_141' title='bbox 215 2286 325 2318; x_wconf 85' lang='lat' dir='ltr'>Coelos</span> <span class='ocrx_word' id='word_1_142' title='bbox 349 2282 475 2315; x_wconf 79' lang='lat' dir='ltr'>scandit</span> <span class='ocrx_word' id='word_1_143' title='bbox 496 2279 676 2320; x_wconf 86' lang='lat' dir='ltr'>suspendio.</span> 
     </span>
     <span class='ocr_line' id='line_1_45' title="bbox 202 2336 689 2367; baseline -0.021 0"><span class='ocrx_word' id='word_1_144' title='bbox 202 2344 327 2367; x_wconf 79' lang='lat' dir='ltr'>Dreves.</span> <span class='ocrx_word' id='word_1_145' title='bbox 343 2341 462 2364; x_wconf 71' lang='lat' dir='ltr'>Historiae</span> <span class='ocrx_word' id='word_1_146' title='bbox 475 2339 628 2367; x_wconf 79' lang='lat' dir='ltr'>rhythmicae.</span> <span class='ocrx_word' id='word_1_147' title='bbox 657 2336 689 2358; x_wconf 86' lang='lat'>11.</span> 
     </span>
    </p>
   </div>
   <div class='ocr_carea' id='block_1_15' title="bbox 836 174 867 204">
    <p class='ocr_par' dir='ltr' id='par_1_20' title="bbox 836 174 867 204">
     <span class='ocr_line' id='line_1_46' title="bbox 836 174 867 204; baseline -0.032 0"><span class='ocrx_word' id='word_1_148' title='bbox 836 174 867 204; x_wconf 85' lang='lat'>2.</span> 
     </span>
    </p>
   </div>
   <div class='ocr_carea' id='block_1_16' title="bbox 836 1388 864 1420">
    <p class='ocr_par' dir='ltr' id='par_1_21' title="bbox 836 1388 864 1420">
     <span class='ocr_line' id='line_1_47' title="bbox 836 1388 864 1420; baseline 0.036 -1"><span class='ocrx_word' id='word_1_149' title='bbox 836 1388 864 1420; x_wconf 86' lang='lat'>1.</span> 
     </span>
    </p>
   </div>
   <div class='ocr_carea' id='block_1_17' title="bbox 890 170 1364 432">
    <p class='ocr_par' dir='ltr' id='par_1_22' title="bbox 890 170 1364 432">
     <span class='ocr_line' id='line_1_48' title="bbox 891 170 1336 209; baseline -0.004 -7"><span class='ocrx_word' id='word_1_150' title='bbox 891 170 1062 202; x_wconf 84' lang='lat' dir='ltr'>Rumaldus</span> <span class='ocrx_word' id='word_1_151' title='bbox 1088 170 1154 202; x_wconf 89' lang='lat' dir='ltr'>viso</span> <span class='ocrx_word' id='word_1_152' title='bbox 1179 171 1336 209; x_wconf 86' lang='lat' dir='ltr'>sanguine,</span> 
     </span>
     <span class='ocr_line' id='line_1_49' title="bbox 892 215 1360 256; baseline -0.004 -8"><span class='ocrx_word' id='word_1_153' title='bbox 892 215 954 256; x_wconf 79' lang='lat' dir='ltr'>Qui</span> <span class='ocrx_word' id='word_1_154' title='bbox 979 217 1018 248; x_wconf 88' lang='lat' dir='ltr'>de</span> <span class='ocrx_word' id='word_1_155' title='bbox 1040 216 1203 255; x_wconf 87' lang='lat' dir='ltr'>pendentis</span> <span class='ocrx_word' id='word_1_156' title='bbox 1229 224 1360 255; x_wconf 86' lang='lat' dir='ltr'>corpore</span> 
     </span>
     <span class='ocr_line' id='line_1_50' title="bbox 892 260 1277 304; baseline -0.005 -10"><span class='ocrx_word' id='word_1_157' title='bbox 892 262 1071 294; x_wconf 83' lang='lat' dir='ltr'>Colomanni</span> <span class='ocrx_word' id='word_1_158' title='bbox 1094 260 1277 304; x_wconf 79' lang='lat' dir='ltr'>profluebat,</span> 
     </span>
     <span class='ocr_line' id='line_1_51' title="bbox 892 308 1347 347; baseline -0.004 -7"><span class='ocrx_word' id='word_1_159' title='bbox 892 309 984 340; x_wconf 85' lang='lat' dir='ltr'>Hunc</span> <span class='ocrx_word' id='word_1_160' title='bbox 1007 308 1128 339; x_wconf 88' lang='lat' dir='ltr'>humari</span> <span class='ocrx_word' id='word_1_161' title='bbox 1153 308 1347 347; x_wconf 79' lang='lat' dir='ltr'>decernebat,</span> 
     </span>
     <span class='ocr_line' id='line_1_52' title="bbox 891 354 1364 393; baseline -0.004 -7"><span class='ocrx_word' id='word_1_162' title='bbox 891 354 1027 386; x_wconf 86' lang='lat' dir='ltr'>Credens</span> <span class='ocrx_word' id='word_1_163' title='bbox 1051 355 1160 385; x_wconf 86' lang='lat' dir='ltr'>videre</span> <span class='ocrx_word' id='word_1_164' title='bbox 1183 362 1364 393; x_wconf 90' lang='lat' dir='ltr'>suspensum</span> 
     </span>
     <span class='ocr_line' id='line_1_53' title="bbox 890 400 1331 432; baseline -0.002 0"><span class='ocrx_word' id='word_1_165' title='bbox 890 401 967 432; x_wconf 85' lang='lat' dir='ltr'>Post</span> <span class='ocrx_word' id='word_1_166' title='bbox 988 401 1023 432; x_wconf 87' lang='lat' dir='ltr'>in</span> <span class='ocrx_word' id='word_1_167' title='bbox 1044 402 1131 431; x_wconf 82' lang='lat' dir='ltr'>terra</span> <span class='ocrx_word' id='word_1_168' title='bbox 1152 400 1331 431; x_wconf 73' lang='lat' dir='ltr'>viventium.</span> 
     </span>
    </p>
   </div>
   <div class='ocr_carea' id='block_1_18' title="bbox 891 468 1351 645">
    <p class='ocr_par' dir='ltr' id='par_1_23' title="bbox 891 468 1336 592">
     <span class='ocr_line' id='line_1_54' title="bbox 891 468 1336 510; baseline 0 -11"><span class='ocrx_word' id='word_1_169' title='bbox 891 468 959 499; x_wconf 82' lang='lat' dir='ltr'>Rex</span> <span class='ocrx_word' id='word_1_170' title='bbox 984 468 1115 510; x_wconf 82' lang='lat' dir='ltr'>Christe,</span> <span class='ocrx_word' id='word_1_171' title='bbox 1139 469 1336 508; x_wconf 82' lang='lat' dir='ltr'>propitiator,</span> 
     </span>
     <span class='ocr_line' id='line_1_55' title="bbox 892 513 1297 546; baseline 0.002 -1"><span class='ocrx_word' id='word_1_172' title='bbox 892 513 1096 546; x_wconf 85' lang='lat' dir='ltr'>Colomannus</span> <span class='ocrx_word' id='word_1_173' title='bbox 1124 514 1297 546; x_wconf 85' lang='lat' dir='ltr'>debellator</span> 
     </span>
     <span class='ocr_line' id='line_1_56' title="bbox 891 560 1192 592; baseline -0.003 -1"><span class='ocrx_word' id='word_1_174' title='bbox 891 560 1059 592; x_wconf 86' lang='lat' dir='ltr'>Potestatis</span> <span class='ocrx_word' id='word_1_175' title='bbox 1082 568 1192 591; x_wconf 86' lang='lat' dir='ltr'>aereae</span> 
     </span>
    </p>

    <p class='ocr_par' dir='ltr' id='par_1_24' title="bbox 894 605 1351 645">
     <span class='ocr_line' id='line_1_57' title="bbox 894 605 1351 645; baseline 0 -9"><span class='ocrx_word' id='word_1_176' title='bbox 894 605 1017 637; x_wconf 82' lang='lat' dir='ltr'>Gaudet</span> <span class='ocrx_word' id='word_1_177' title='bbox 1040 614 1074 636; x_wconf 90' lang='lat' dir='ltr'>se</span> <span class='ocrx_word' id='word_1_178' title='bbox 1096 615 1154 644; x_wconf 91' lang='lat' dir='ltr'>pro</span> <span class='ocrx_word' id='word_1_179' title='bbox 1179 608 1211 636; x_wconf 89' lang='lat' dir='ltr'>te</span> <span class='ocrx_word' id='word_1_180' title='bbox 1234 606 1351 645; x_wconf 78' lang='lat' dir='ltr'>odisse3</span> 
     </span>
    </p>
   </div>
   <div class='ocr_carea' id='block_1_19' title="bbox 856 650 1347 690">
    <p class='ocr_par' dir='ltr' id='par_1_25' title="bbox 856 650 1347 690">
     <span class='ocr_line' id='line_1_58' title="bbox 856 650 1347 690; baseline 0.002 -8"><span class='ocrx_word' id='word_1_181' title='bbox 856 674 864 682; x_wconf 83' lang='lat'><em>.</em></span> <span class='ocrx_word' id='word_1_182' title='bbox 889 652 997 683; x_wconf 84' lang='lat' dir='ltr'>Justus</span> <span class='ocrx_word' id='word_1_183' title='bbox 1022 654 1057 682; x_wconf 82' lang='lat' dir='ltr'>ut</span> <span class='ocrx_word' id='word_1_184' title='bbox 1079 652 1184 690; x_wconf 83' lang='lat' dir='ltr'>palma</span> <span class='ocrx_word' id='word_1_185' title='bbox 1206 650 1347 690; x_wconf 80' lang='lat' dir='ltr'>florebat,</span> 
     </span>
    </p>
   </div>
   <div class='ocr_carea' id='block_1_20' title="bbox 891 696 1367 781">
    <p class='ocr_par' dir='ltr' id='par_1_26' title="bbox 891 696 1367 781">
     <span class='ocr_line' id='line_1_59' title="bbox 891 696 1367 736; baseline 0 -9"><span class='ocrx_word' id='word_1_186' title='bbox 891 696 986 735; x_wconf 83' lang='lat' dir='ltr'>Cujus</span> <span class='ocrx_word' id='word_1_187' title='bbox 1013 697 1084 728; x_wconf 88' lang='lat' dir='ltr'>dum</span> <span class='ocrx_word' id='word_1_188' title='bbox 1109 700 1195 728; x_wconf 77' lang='lat' dir='ltr'>corta</span> <span class='ocrx_word' id='word_1_189' title='bbox 1218 696 1367 736; x_wconf 84' lang='lat' dir='ltr'>fronduit,</span> 
     </span>
     <span class='ocr_line' id='line_1_60' title="bbox 892 741 1344 781; baseline 0.004 -9"><span class='ocrx_word' id='word_1_190' title='bbox 892 741 1016 773; x_wconf 83' lang='lat' dir='ltr'>Gaudet</span> <span class='ocrx_word' id='word_1_191' title='bbox 1039 750 1073 772; x_wconf 91' lang='lat' dir='ltr'>se</span> <span class='ocrx_word' id='word_1_192' title='bbox 1095 752 1153 781; x_wconf 86' lang='lat' dir='ltr'>pro</span> <span class='ocrx_word' id='word_1_193' title='bbox 1177 746 1210 774; x_wconf 88' lang='lat' dir='ltr'>te</span> <span class='ocrx_word' id='word_1_194' title='bbox 1233 744 1344 774; x_wconf 83' lang='lat' dir='ltr'>odisse.</span> 
     </span>
    </p>
   </div>
   <div class='ocr_carea' id='block_1_21' title="bbox 888 806 1408 1158">
    <p class='ocr_par' dir='ltr' id='par_1_27' title="bbox 892 806 1181 847">
     <span class='ocr_line' id='line_1_61' title="bbox 892 806 1181 847; baseline -0.003 -10"><span class='ocrx_word' id='word_1_195' title='bbox 892 806 916 837; x_wconf 90' lang='lat' dir='ltr'>O</span> <span class='ocrx_word' id='word_1_196' title='bbox 941 806 996 836; x_wconf 82' lang='lat' dir='ltr'>lux</span> <span class='ocrx_word' id='word_1_197' title='bbox 1019 806 1181 847; x_wconf 83' lang='lat' dir='ltr'>coelorum,</span> 
     </span>
    </p>

    <p class='ocr_par' dir='ltr' id='par_1_28' title="bbox 892 851 1408 936">
     <span class='ocr_line' id='line_1_62' title="bbox 939 851 1408 891; baseline 0 -9"><span class='ocrx_word' id='word_1_198' title='bbox 939 851 1023 889; x_wconf 80' lang='lat' dir='ltr'>Jesu,</span> <span class='ocrx_word' id='word_1_199' title='bbox 1049 859 1120 889; x_wconf 87' lang='lat' dir='ltr'>spes</span> <span class='ocrx_word' id='word_1_200' title='bbox 1145 851 1226 882; x_wconf 79' lang='lat' dir='ltr'>alma</span> <span class='ocrx_word' id='word_1_201' title='bbox 1247 852 1408 891; x_wconf 88' lang='lat' dir='ltr'>bonorum,</span> 
     </span>
     <span class='ocr_line' id='line_1_63' title="bbox 892 896 1190 936; baseline -0.003 -8"><span class='ocrx_word' id='word_1_202' title='bbox 892 897 958 928; x_wconf 86' lang='lat' dir='ltr'>Nos</span> <span class='ocrx_word' id='word_1_203' title='bbox 982 896 1052 936; x_wconf 89' lang='lat' dir='ltr'>pius</span> <span class='ocrx_word' id='word_1_204' title='bbox 1078 897 1190 929; x_wconf 82' lang='lat' dir='ltr'>exaudi</span> 
     </span>
    </p>

    <p class='ocr_par' dir='ltr' id='par_1_29' title="bbox 890 942 1384 1027">
     <span class='ocr_line' id='line_1_64' title="bbox 937 942 1384 975; baseline 0.002 -2"><span class='ocrx_word' id='word_1_205' title='bbox 937 942 1055 974; x_wconf 90' lang='lat' dir='ltr'>meritis</span> <span class='ocrx_word' id='word_1_206' title='bbox 1079 943 1180 974; x_wconf 80' lang='lat' dir='ltr'>saneti</span> <span class='ocrx_word' id='word_1_207' title='bbox 1205 943 1384 975; x_wconf 86' lang='lat' dir='ltr'>Colomanni</span> 
     </span>
     <span class='ocr_line' id='line_1_65' title="bbox 890 989 1237 1027; baseline -0.003 -7"><span class='ocrx_word' id='word_1_208' title='bbox 890 989 937 1020; x_wconf 87' lang='lat' dir='ltr'>Te</span> <span class='ocrx_word' id='word_1_209' title='bbox 959 996 1042 1020; x_wconf 86' lang='lat' dir='ltr'>nunc</span> <span class='ocrx_word' id='word_1_210' title='bbox 1063 989 1237 1027; x_wconf 85' lang='lat' dir='ltr'>laudantes,</span> 
     </span>
    </p>

    <p class='ocr_par' dir='ltr' id='par_1_30' title="bbox 888 1034 1317 1120">
     <span class='ocr_line' id='line_1_66' title="bbox 938 1034 1317 1075; baseline 0 -9"><span class='ocrx_word' id='word_1_211' title='bbox 938 1037 1072 1073; x_wconf 88' lang='lat' dir='ltr'>orantes,</span> <span class='ocrx_word' id='word_1_212' title='bbox 1098 1034 1317 1075; x_wconf 79' lang='lat' dir='ltr'>glorificantes,</span> 
     </span>
     <span class='ocr_line' id='line_1_67' title="bbox 888 1080 1205 1120; baseline -0.006 -8"><span class='ocrx_word' id='word_1_213' title='bbox 888 1081 1022 1120; x_wconf 83' lang='lat' dir='ltr'>Respice</span> <span class='ocrx_word' id='word_1_214' title='bbox 1047 1080 1086 1111; x_wconf 93' lang='lat' dir='ltr'>de</span> <span class='ocrx_word' id='word_1_215' title='bbox 1110 1081 1205 1120; x_wconf 85' lang='lat' dir='ltr'>coelo,</span> 
     </span>
    </p>

    <p class='ocr_par' dir='ltr' id='par_1_31' title="bbox 937 1127 1396 1158">
     <span class='ocr_line' id='line_1_68' title="bbox 937 1127 1396 1158; baseline 0.002 -1"><span class='ocrx_word' id='word_1_216' title='bbox 937 1134 1043 1158; x_wconf 85' lang='lat' dir='ltr'>servos</span> <span class='ocrx_word' id='word_1_217' title='bbox 1067 1135 1173 1158; x_wconf 73' lang='lat' dir='ltr'>serves</span> <span class='ocrx_word' id='word_1_218' title='bbox 1195 1129 1232 1157; x_wconf 85' lang='lat' dir='ltr'>ut</span> <span class='ocrx_word' id='word_1_219' title='bbox 1253 1127 1286 1157; x_wconf 88' lang='lat' dir='ltr'>in</span> <span class='ocrx_word' id='word_1_220' title='bbox 1309 1134 1396 1158; x_wconf 78' lang='lat' dir='ltr'>aevo.</span> 
     </span>
    </p>
   </div>
   <div class='ocr_carea' id='block_1_22' title="bbox 987 1254 1281 1360">
    <p class='ocr_par' dir='ltr' id='par_1_32' title="bbox 987 1254 1281 1360">
     <span class='ocr_line' id='line_1_69' title="bbox 987 1254 1281 1286; baseline 0 0"><span class='ocrx_word' id='word_1_221' title='bbox 987 1256 1032 1286; x_wconf 89' lang='lat' dir='ltr'>In</span> <span class='ocrx_word' id='word_1_222' title='bbox 1055 1254 1138 1285; x_wconf 90' lang='lat' dir='ltr'>Lau</span> <span class='ocrx_word' id='word_1_223' title='bbox 1148 1254 1216 1286; x_wconf 86' lang='lat' dir='ltr'>dib</span> <span class='ocrx_word' id='word_1_224' title='bbox 1225 1264 1245 1285; x_wconf 90' lang='lat' dir='ltr'>u</span> <span class='ocrx_word' id='word_1_225' title='bbox 1254 1264 1281 1286; x_wconf 88' lang='lat' dir='ltr'>s.</span> 
     </span>
     <span class='ocr_line' id='line_1_70' title="bbox 1034 1326 1225 1360; baseline -0.005 -8"><span class='ocrx_word' id='word_1_226' title='bbox 1034 1326 1225 1360; x_wconf 79' lang='lat' dir='ltr'>Antiphonae.</span> 
     </span>
    </p>
   </div>
   <div class='ocr_carea' id='block_1_23' title="bbox 889 1385 1406 1563">
    <p class='ocr_par' dir='ltr' id='par_1_33' title="bbox 890 1385 1268 1425">
     <span class='ocr_line' id='line_1_71' title="bbox 890 1385 1268 1425; baseline -0.003 -7"><span class='ocrx_word' id='word_1_227' title='bbox 890 1387 1014 1418; x_wconf 78' lang='lat' dir='ltr'>Laudes</span> <span class='ocrx_word' id='word_1_228' title='bbox 1038 1386 1127 1425; x_wconf 87' lang='lat' dir='ltr'>plebs</span> <span class='ocrx_word' id='word_1_229' title='bbox 1153 1385 1268 1417; x_wconf 82' lang='lat' dir='ltr'>Christi</span> 
     </span>
    </p>

    <p class='ocr_par' dir='ltr' id='par_1_34' title="bbox 889 1432 1356 1518">
     <span class='ocr_line' id='line_1_72' title="bbox 937 1432 1356 1473; baseline -0.005 -9"><span class='ocrx_word' id='word_1_230' title='bbox 937 1443 1000 1464; x_wconf 90' lang='lat' dir='ltr'>nun</span> <span class='ocrx_word' id='word_1_231' title='bbox 1024 1433 1159 1463; x_wconf 84' lang='lat' dir='ltr'>athletae</span> <span class='ocrx_word' id='word_1_232' title='bbox 1183 1435 1272 1463; x_wconf 88' lang='lat' dir='ltr'>sonet</span> <span class='ocrx_word' id='word_1_233' title='bbox 1293 1432 1356 1473; x_wconf 84' lang='lat' dir='ltr'>isti,</span> 
     </span>
     <span class='ocr_line' id='line_1_73' title="bbox 889 1479 1165 1518; baseline 0.004 -9"><span class='ocrx_word' id='word_1_234' title='bbox 889 1479 993 1518; x_wconf 84' lang='lat' dir='ltr'>Ipsius</span> <span class='ocrx_word' id='word_1_235' title='bbox 1018 1487 1037 1509; x_wconf 85' lang='lat' dir='ltr'>a</span> <span class='ocrx_word' id='word_1_236' title='bbox 1059 1479 1165 1510; x_wconf 87' lang='lat' dir='ltr'>tumba</span> 
     </span>
    </p>

    <p class='ocr_par' dir='ltr' id='par_1_35' title="bbox 934 1523 1406 1563">
     <span class='ocr_line' id='line_1_74' title="bbox 934 1523 1406 1563; baseline 0.002 -7"><span class='ocrx_word' id='word_1_237' title='bbox 934 1524 1031 1556; x_wconf 88' lang='lat' dir='ltr'>veluti</span> <span class='ocrx_word' id='word_1_238' title='bbox 1054 1524 1185 1563; x_wconf 82' lang='lat' dir='ltr'>Moysen</span> <span class='ocrx_word' id='word_1_239' title='bbox 1209 1523 1289 1563; x_wconf 87' lang='lat' dir='ltr'>fugit</span> <span class='ocrx_word' id='word_1_240' title='bbox 1311 1524 1406 1557; x_wconf 84' lang='lat' dir='ltr'>unda.</span> 
     </span>
    </p>
   </div>
   <div class='ocr_carea' id='block_1_24' title="bbox 886 1589 1186 1897">
    <p class='ocr_par' dir='ltr' id='par_1_36' title="bbox 886 1589 1186 1897">
     <span class='ocr_line' id='line_1_75' title="bbox 888 1589 1105 1628; baseline -0.005 -8"><span class='ocrx_word' id='word_1_241' title='bbox 888 1589 972 1628; x_wconf 83' lang='lat' dir='ltr'>Tyro</span> <span class='ocrx_word' id='word_1_242' title='bbox 996 1590 1105 1620; x_wconf 84' lang='lat' dir='ltr'>beatus</span> 
     </span>
     <span class='ocr_line' id='line_1_76' title="bbox 887 1635 1172 1666; baseline -0.004 0"><span class='ocrx_word' id='word_1_243' title='bbox 887 1635 1006 1666; x_wconf 84' lang='lat' dir='ltr'>Mansit</span> <span class='ocrx_word' id='word_1_244' title='bbox 1029 1635 1172 1666; x_wconf 88' lang='lat' dir='ltr'>humatus</span> 
     </span>
     <span class='ocr_line' id='line_1_77' title="bbox 886 1680 1186 1721; baseline 0 -9"><span class='ocrx_word' id='word_1_245' title='bbox 886 1681 957 1713; x_wconf 87' lang='lat' dir='ltr'>Non</span> <span class='ocrx_word' id='word_1_246' title='bbox 980 1680 1186 1721; x_wconf 79' lang='lat' dir='ltr'>putrefactus,</span> 
     </span>
     <span class='ocr_line' id='line_1_78' title="bbox 888 1728 1184 1765; baseline 0 -7"><span class='ocrx_word' id='word_1_247' title='bbox 888 1728 947 1765; x_wconf 70' lang='lat' dir='ltr'>Qui</span> <span class='ocrx_word' id='word_1_248' title='bbox 970 1728 1052 1759; x_wconf 88' lang='lat' dir='ltr'>bona</span> <span class='ocrx_word' id='word_1_249' title='bbox 1074 1730 1184 1759; x_wconf 76' lang='lat' dir='ltr'>nactus</span> 
     </span>
     <span class='ocr_line' id='line_1_79' title="bbox 887 1774 1156 1805; baseline -0.004 0"><span class='ocrx_word' id='word_1_250' title='bbox 887 1774 1007 1805; x_wconf 86' lang='lat' dir='ltr'>Reddit</span> <span class='ocrx_word' id='word_1_251' title='bbox 1030 1776 1156 1805; x_wconf 86' lang='lat' dir='ltr'>ovantes</span> 
     </span>
     <span class='ocr_line' id='line_1_80' title="bbox 887 1819 1120 1858; baseline 0 -8"><span class='ocrx_word' id='word_1_252' title='bbox 887 1819 932 1850; x_wconf 86' lang='lat' dir='ltr'>Et</span> <span class='ocrx_word' id='word_1_253' title='bbox 951 1820 1120 1858; x_wconf 86' lang='lat' dir='ltr'>jubilantes</span> 
     </span>
     <span class='ocr_line' id='line_1_81' title="bbox 887 1865 1144 1897; baseline -0.004 0"><span class='ocrx_word' id='word_1_254' title='bbox 887 1865 928 1897; x_wconf 87' lang='lat' dir='ltr'>Se</span> <span class='ocrx_word' id='word_1_255' title='bbox 951 1868 1144 1897; x_wconf 86' lang='lat' dir='ltr'>venerantes.</span> 
     </span>
    </p>
   </div>
   <div class='ocr_carea' id='block_1_25' title="bbox 853 1928 1246 1969">
    <p class='ocr_par' dir='ltr' id='par_1_37' title="bbox 853 1928 1246 1969">
     <span class='ocr_line' id='line_1_82' title="bbox 853 1928 1246 1969; baseline -0.005 -7"><span class='ocrx_word' id='word_1_256' title='bbox 853 1955 860 1962; x_wconf 94' lang='lat'><strong>.</strong></span> <span class='ocrx_word' id='word_1_257' title='bbox 886 1930 980 1962; x_wconf 88' lang='lat' dir='ltr'>Plebs</span> <span class='ocrx_word' id='word_1_258' title='bbox 1005 1930 1082 1969; x_wconf 84' lang='lat' dir='ltr'>vigil</span> <span class='ocrx_word' id='word_1_259' title='bbox 1104 1930 1136 1961; x_wconf 90' lang='lat' dir='ltr'>in</span> <span class='ocrx_word' id='word_1_260' title='bbox 1162 1928 1246 1961; x_wconf 86' lang='lat' dir='ltr'>fossa</span> 
     </span>
    </p>
   </div>
   <div class='ocr_carea' id='block_1_26' title="bbox 889 1977 1393 2109">
    <p class='ocr_par' dir='ltr' id='par_1_38' title="bbox 889 1977 1393 2109">
     <span class='ocr_line' id='line_1_83' title="bbox 931 1977 1393 2018; baseline 0 -11"><span class='ocrx_word' id='word_1_261' title='bbox 931 1979 1119 2008; x_wconf 84' lang='lat' dir='ltr'>venerantur</span> <span class='ocrx_word' id='word_1_262' title='bbox 1141 1977 1288 2016; x_wconf 78' lang='lat' dir='ltr'>martyris</span> <span class='ocrx_word' id='word_1_263' title='bbox 1310 1985 1393 2018; x_wconf 73' lang='lat' dir='ltr'>ossa,</span> 
     </span>
     <span class='ocr_line' id='line_1_84' title="bbox 889 2022 1208 2055; baseline -0.003 -1"><span class='ocrx_word' id='word_1_264' title='bbox 889 2022 951 2055; x_wconf 87' lang='lat' dir='ltr'>Sed</span> <span class='ocrx_word' id='word_1_265' title='bbox 974 2024 1060 2055; x_wconf 88' lang='lat' dir='ltr'>levat</span> <span class='ocrx_word' id='word_1_266' title='bbox 1081 2023 1114 2054; x_wconf 92' lang='lat' dir='ltr'>in</span> <span class='ocrx_word' id='word_1_267' title='bbox 1138 2023 1208 2054; x_wconf 86' lang='lat' dir='ltr'>luce</span> 
     </span>
     <span class='ocr_line' id='line_1_85' title="bbox 934 2070 1315 2109; baseline 0.003 -9"><span class='ocrx_word' id='word_1_268' title='bbox 934 2072 975 2109; x_wconf 89' lang='lat' dir='ltr'>te,</span> <span class='ocrx_word' id='word_1_269' title='bbox 1000 2070 1085 2102; x_wconf 90' lang='lat' dir='ltr'>Deus</span> <span class='ocrx_word' id='word_1_270' title='bbox 1110 2070 1200 2108; x_wconf 83' lang='lat' dir='ltr'>alme,</span> <span class='ocrx_word' id='word_1_271' title='bbox 1228 2070 1315 2101; x_wconf 89' lang='lat' dir='ltr'>duce.</span> 
     </span>
    </p>
   </div>
   <div class='ocr_carea' id='block_1_27' title="bbox 882 2134 1207 2314">
    <p class='ocr_par' dir='ltr' id='par_1_39' title="bbox 882 2134 1207 2314">
     <span class='ocr_line' id='line_1_86' title="bbox 884 2134 1121 2174; baseline 0 -9"><span class='ocrx_word' id='word_1_272' title='bbox 884 2135 930 2165; x_wconf 81' lang='lat' dir='ltr'>Te</span> <span class='ocrx_word' id='word_1_273' title='bbox 952 2134 1121 2174; x_wconf 69' lang='lat' dir='ltr'>benedicit,</span> 
     </span>
     <span class='ocr_line' id='line_1_87' title="bbox 886 2180 1163 2221; baseline 0 -9"><span class='ocrx_word' id='word_1_274' title='bbox 886 2180 1018 2221; x_wconf 88' lang='lat' dir='ltr'>Christe,</span> <span class='ocrx_word' id='word_1_275' title='bbox 1044 2180 1163 2221; x_wconf 83' lang='lat' dir='ltr'>beatus,</span> 
     </span>
     <span class='ocr_line' id='line_1_88' title="bbox 883 2227 1207 2267; baseline 0 -9"><span class='ocrx_word' id='word_1_276' title='bbox 883 2227 966 2258; x_wconf 88' lang='lat' dir='ltr'>Dum</span> <span class='ocrx_word' id='word_1_277' title='bbox 989 2227 1107 2267; x_wconf 80' lang='lat' dir='ltr'>probra</span> <span class='ocrx_word' id='word_1_278' title='bbox 1130 2227 1207 2259; x_wconf 62' lang='lat' dir='ltr'>ticit</span> 
     </span>
     <span class='ocr_line' id='line_1_89' title="bbox 882 2273 1118 2314; baseline 0.004 -9"><span class='ocrx_word' id='word_1_279' title='bbox 882 2273 1118 2314; x_wconf 79' lang='lat' dir='ltr'>Martyrizatus,</span> 
     </span>
    </p>
   </div>
  </div>
 </body>
</html>
