1679 2491
243 198 249 204 .
273 170 366 203 Hunc
388 171 473 202 Deus
498 171 666 203 exaudiens

318 216 464 249 Perdidit
486 217 661 257 mendaces,

272 262 424 295 Errorum
445 263 590 301 aperiens

318 308 459 347 Laqueos
484 308 621 341 fallaces.

240 406 246 414 .
271 382 333 413 Dei
353 381 509 413 mirabilia

319 427 436 459 Videns
460 428 494 459 in
516 428 700 460 coelestibus

272 474 382 506 Omnia
405 475 567 506 terrestria

318 519 457 559 Subjecit
480 521 536 552 sub
561 520 703 559 pedibus.

411 611 613 645 Responsoria.

240 692 247 699 .
272 667 354 699 Dum
378 666 502 698 humilis
526 667 625 698 latere
648 666 767 705 nititur,

273 714 310 744 In
334 712 477 743 abbatem
502 712 616 743 invitus
640 712 780 751 sumitur,

269 758 352 790 Hinc
368 758 507 790 Viennae
523 758 648 796 praesul
664 756 813 797 efficitur,

235 830 242 837 .
268 804 359 843 Dum,
385 803 453 843 quis
477 802 532 834 fiat

316 850 452 889 praesul,
480 849 653 888 discutitur,

271 897 354 928 Puer
376 897 416 927 de
430 895 490 926 boc
507 896 653 927 decennis
668 896 816 934 loquitur.

239 995 245 1002 .
273 970 349 1002 Cum
361 969 542 1001 Barnardus
558 968 590 1000 in
602 969 666 1000 alto
678 969 814 1008 ponitur,

270 1016 351 1047 Esse
374 1015 453 1046 bene
476 1015 592 1046 nardus
615 1014 800 1054 ostenditur,

274 1062 368 1100 Cujus
392 1061 523 1092 mundus
548 1060 644 1091 odore
664 1060 814 1100 trahitur,

232 1132 240 1140 .
267 1107 348 1139 Solis
369 1107 463 1145 jubar
488 1106 552 1137 late
577 1105 768 1145 diffunditur,

269 1154 331 1185 Per
354 1153 415 1184 hoc,
438 1160 548 1183 caecus

317 1207 405 1230 error
429 1197 638 1229 confunditur.

238 1297 243 1303 .
270 1272 386 1303 Beatus
411 1272 459 1304 vir

316 1321 388 1357 post
410 1319 534 1357 longum
558 1318 720 1357 proelium,

271 1362 480 1403 Multiplicem

315 1413 387 1447 post
410 1409 545 1441 finctum
565 1409 721 1447 messium,

269 1455 378 1487 Sciens
403 1464 509 1487 cursus

312 1502 520 1541 propinquum
543 1501 688 1541 stadium,

267 1548 308 1579 Se
329 1550 509 1587 praeparat,

314 1596 349 1624 ut
369 1595 470 1625 sumat
489 1593 640 1634 bravium,

232 1665 239 1672 .
265 1641 311 1673 Ut
335 1639 479 1671 Rachelis
507 1642 642 1671 assumat
665 1640 811 1680 studium,

267 1687 463 1718 Romanense
487 1686 571 1717 subit
599 1686 788 1720 coenobium.

331 1806 377 1837 In
402 1808 433 1838 3.
460 1805 642 1837 Nocturn
652 1815 681 1839 o.

412 1868 603 1903 Antiphonae.

234 1951 240 1957 .
267 1924 327 1956 Dei
349 1924 582 1956 tabernaculum

313 1971 429 2003 Merito
450 1970 591 2009 justitiae

265 2017 372 2050 Habet
395 2016 605 2049 habitaculum

310 2064 348 2096 In
376 2066 505 2095 aeterna
527 2063 644 2102 requie.

199 2171 207 2175 ,
231 2165 238 2172 .
266 2138 377 2171 cordis
403 2137 592 2170 desiderium

309 2185 357 2216 Tu
382 2185 438 2217 das
464 2184 503 2223 ei,
527 2184 670 2223 Domine,
706 2212 709 2215 .

264 2231 358 2271 Cujus
384 2234 430 2263 est
452 2231 605 2270 judicium

308 2278 409 2311 Missa
432 2287 492 2311 vox
519 2286 586 2309 cum
610 2277 735 2309 lumine.

826 77 870 111 63

883 172 914 204 3.
940 171 1027 209 Quod
1052 172 1084 202 in
1108 173 1242 202 montem
1265 171 1392 203 Domini

872 675 910 707 V.

878 777 909 807 2.

984 217 1135 248 Innocens
1159 216 1311 256 ascendit,

940 263 1024 294 Ordo
1045 264 1170 302 junctus
1192 262 1303 293 lumini

984 308 1127 348 Desuper
1150 308 1295 340 ostendit.

1075 390 1276 425 Responsoria.

905 473 912 479 .
937 445 1006 477 Viri
1029 445 1141 485 probat
1156 446 1322 485 peringens
1338 448 1482 479 meritum

940 491 1007 523 Vox
1031 491 1161 522 militem
1179 500 1292 523 vocans
1310 494 1479 532 emeritum,

937 537 1094 576 Fragrans
1117 538 1205 578 odor,

982 583 1086 615 lumen
1110 584 1168 614 viis
1192 584 1391 623 praestitum:

936 628 1023 661 Haec
1043 631 1197 661 testantur
1212 629 1338 661 beatum
1355 632 1480 663 exitum.

936 675 1117 714 Suscipiunt
1140 675 1261 707 beatum
1287 677 1430 715 spiritum

935 720 1026 752 Laeti
1051 721 1136 752 chori
1161 721 1315 753 coelorum
1337 723 1479 754 militum.

935 775 1018 808 Dum
1042 777 1203 808 thesaurus

982 823 1119 853 occultus
1144 823 1311 863 quaeritur,

936 868 1021 899 Almi
1043 869 1142 907 patris

983 913 1181 953 sepulchrum
1206 913 1368 954 frangitur,

937 960 1015 991 Inde
1038 961 1134 991 mirus
1159 961 1237 992 odor
1261 961 1428 1000 egreditur,

937 1006 1043 1038 Sancti
1067 1006 1165 1037 virtus

983 1059 1152 1090 suppressa
1174 1052 1340 1093 panditur3

937 1096 1027 1129 Salus
1051 1097 1196 1129 membris

983 1143 1116 1182 aegrotis
1140 1143 1293 1186 redditur,

937 1188 1092 1220 Barnardi
1116 1189 1182 1220 laus

986 1235 1076 1274 longe
1102 1234 1292 1267 diffunditur.

906 1314 913 1321 .
938 1288 1058 1331 Gaude,
1084 1289 1287 1321 Romanensis
1313 1292 1452 1331 ecelesia,

936 1335 1029 1366 Tanti
1053 1336 1152 1374 patris
1178 1336 1285 1369 dotata
1307 1337 1416 1376 gloria,

936 1382 973 1413 In
987 1384 1019 1412 te
1035 1382 1134 1413 victor
1149 1382 1262 1413 transit
1277 1383 1317 1414 ad
1329 1384 1478 1425 praemia,

936 1426 1029 1465 Cujus
1054 1430 1085 1458 te
1107 1425 1251 1459 fundavit
1273 1428 1437 1466 industria,

936 1474 973 1505 In
997 1475 1029 1503 te
1053 1474 1201 1505 virtutum
1225 1472 1260 1504 fit
1283 1473 1467 1514 frequentia,

935 1519 972 1550 In
997 1519 1136 1558 corporis
1160 1520 1260 1551 sancti
1284 1522 1469 1559 praesentia.

1023 1630 1068 1661 In
1093 1630 1319 1662 Laudibus,

1079 1693 1269 1729 Antiphonae.

901 1774 907 1781 .
934 1750 1058 1781 Laudes
1082 1753 1205 1781 nostras
1229 1751 1379 1789 suscipiat

979 1797 1049 1828 Vox
1072 1797 1106 1827 in
1128 1797 1199 1827 aitis
1224 1796 1385 1837 mirabiliS,

935 1842 1016 1880 Quas
1040 1844 1144 1881 gratas
1169 1842 1235 1873 Deo
1258 1840 1353 1874 faciat

980 1888 1171 1927 Bau-nardus,
1197 1888 1246 1919 vir
1269 1888 1446 1922 laudabilis.

902 1966 908 1973 .
934 1942 1083 1981 Jubilate,
1105 1942 1171 1981 jam
1191 1942 1306 1983 jubilat

980 1988 1080 2020 Deum
1106 1989 1215 2021 videns
1239 1989 1271 2020 in
1292 1990 1391 2029 jubilo

934 2035 1124 2075 Bai-nardus,
1151 2038 1199 2067 cui
1222 2036 1290 2067 laus
1314 2037 1423 2068 rutilat

982 2081 1039 2113 Dei
1061 2083 1116 2114 iux
1141 2082 1257 2122 absque
1280 2083 1395 2115 nubilo.

901 2162 908 2169 .
933 2137 1025 2170 Hunc
1049 2139 1186 2177 suscepit
1210 2138 1339 2171 dextera

980 2183 1050 2224 Dei,
1075 2193 1165 2224 quem
1189 2185 1298 2225 sitivit,

934 2230 1020 2262 Dans
1044 2231 1116 2262 huic
1137 2241 1231 2272 super
1255 2233 1360 2264 sidera

980 2278 1099 2320 Potum,
1125 2287 1215 2318 quem
1241 2280 1366 2319 cupivit.
