1679 2491
710 76 937 111 -85-

372 169 414 196 Ad
435 168 616 196 Benedictus.
987 171 1034 202 In
1060 172 1090 203 2,
1116 171 1328 209 Vesperis,

187 221 228 253 A.
254 220 339 252 Vera
361 219 482 258 ponens
1039 220 1086 247 Ad
1102 219 1279 256 Mag-nificat.

299 265 393 305 Virgo
417 266 580 304 munditia,
854 268 893 298 A.
919 267 989 298 Lux
1011 267 1141 305 Brigida
1164 266 1329 306 Lageniae,

251 311 381 343 Pietatis
969 312 1137 344 character
1162 314 1323 351 castitatis,

299 357 402 389 ferens
424 357 566 398 insignia,
921 358 1009 390 Gella
1031 361 1141 398 patens
1166 359 1355 396 clementiae.

254 403 427 435 Sanitatum
966 404 1083 436 Resina
1106 405 1241 443 pietatis,

300 450 406 481 dotata
430 450 540 489 gratia,
920 450 1019 481 Posce
1042 454 1114 481 tuae
1137 449 1275 482 familiae

251 496 329 526 Post
351 497 481 527 mortem
508 496 609 526 carnis
966 495 1122 527 Levamen
1147 505 1165 527 a
1190 496 1336 536 peccatis,

299 541 378 573 vivit
400 542 433 572 in
457 542 565 580 gloria.
921 543 998 573 Post
1020 542 1184 573 transitum
1207 542 1349 573 miseriae

968 588 1107 626 Quietem
1132 588 1157 618 cl
1162 588 1293 620 aritatiS.

261 650 378 686 Antiph.
399 659 450 677 ms.
472 650 714 678 Glondalkinense
733 659 807 678 saec.
831 649 872 678 15.
903 650 970 678 Cod.
992 651 1063 678 0011.
1081 650 1130 678 SS.
1145 652 1295 678 Trinitatis
1309 651 1463 679 Dublinen.

187 688 212 715 B
234 685 258 715 1.
278 686 304 715 3.
318 687 352 714 A.
367 704 404 707 —
417 688 533 723 Antiph.
554 697 605 714 ms.
618 688 825 715 Kilmnonense
844 696 917 715 saec.
940 687 982 715 15.
1015 687 1081 715 Ood.
1097 688 1168 715 0011.
1183 687 1228 715 SS
1246 688 1348 715 Trinit.
1362 688 1465 715 Dubli-

185 733 252 751 nen.
278 725 302 751 B
330 723 353 750 1.
380 723 407 751 5.
432 724 464 751 B.
491 738 526 743 -ν
552 725 636 751 Brev.
662 734 713 751 ms.
741 725 919 752 Dublinense
945 733 1019 752 saec.
1047 724 1089 752 15.
1111 724 1177 752 cod.
1199 724 1270 752 (3011.
1291 724 1341 752 SS.
1361 725 1464 752 Trinit.

185 761 343 789 Dublinen.
364 762 386 788 B
405 760 432 789 3.
455 759 497 788 13.
519 760 548 787 Ο.

260 799 296 825 In
318 798 341 825 1.
361 798 443 825 Noct.
466 796 485 823 Η
508 797 532 829 1,
552 796 572 825 4
591 799 720 833 Gignans
739 799 773 825 A.
788 812 824 817 -—
836 799 872 825 In
891 795 916 825 3.
930 799 1013 826 Noct.
1028 796 1047 823 R
1069 796 1094 829 2,
1117 797 1151 826 1O
1164 799 1240 826 Dare
1256 797 1367 825 Christo
1382 798 1415 825 A.
1429 812 1464 817 ——

185 836 233 862 Ad
252 835 344 862 Laud.
363 834 387 860 Α
408 834 433 867 2,
457 833 470 861 1
490 836 596 863 Natam
615 835 649 861 A.
671 850 707 854 -—-
726 833 748 860 Α
768 834 795 867 4,
815 832 833 862 3
853 834 930 862 Odor
949 835 1024 862 lacte
1042 836 1077 862 A.

618 924 666 953 30.
705 924 747 954 De
768 924 876 954 saneta
895 923 1034 963 Brigida.

319 993 364 1044 IP
389 993 418 1024 1.
444 992 657 1031 vesperis.
983 993 1029 1024 1n
1055 993 1085 1024 1.
1111 992 1336 1027 Nocturno,

365 1050 457 1086 Super
474 1051 615 1079 Psalmos.
1060 1050 1251 1084 Antiphonae.

181 1104 223 1135 A.
249 1101 346 1134 Festa
367 1103 439 1141 piae
463 1102 612 1141 Brigidae
862 1109 892 1140 1.
920 1107 1007 1140 Coeli
1026 1108 1098 1145 jure
1121 1108 1320 1138 modulantur

300 1148 410 1179 devote
433 1150 670 1187 praevenientes
965 1153 1114 1192 Brigidae
1140 1154 1302 1191 magnalia,

252 1193 408 1225 Christum
433 1194 594 1225 laudemus
922 1199 1015 1238 Cujsss
1040 1202 1125 1230 artus
1149 1199 1263 1238 puerili

296 1240 426 1271 solemni
449 1248 526 1271 voce
551 1243 704 1274 canentes
968 1246 1040 1276 dum
1062 1248 1211 1283 reguntur
1235 1243 1343 1283 fascia,

185 1295 225 1327 R.
251 1294 364 1334 Fulget
391 1295 456 1325 dies
480 1294 641 1333 hodierna,
919 1291 1008 1329 Quod
1031 1291 1072 1321 sit
1094 1291 1241 1328 pn'mceps
1264 1290 1409 1329 regionis,

254 1341 352 1378 Quam
376 1344 521 1371 venustat
543 1341 598 1371 lux
620 1341 772 1381 Hiberna,
967 1336 1039 1368 diva
1061 1337 1169 1375 prodit
1192 1337 1300 1374 gratia.

254 1386 347 1425 CUJ'US
371 1387 491 1424 lstmPssS
517 1389 548 1417 et
570 1387 697 1418 lucerna
863 1394 893 1425 2.
919 1392 976 1422 Vir
1000 1400 1019 1422 a
1042 1400 1155 1430 sponso
1181 1394 1399 1432 commonetur,

253 1431 335 1464 Sede
359 1433 454 1463 micat
476 1433 508 1463 in
532 1441 676 1471 superna.
918 1438 963 1469 Ut.
986 1438 1098 1469 ancilla
1123 1438 1336 1473 venumdetur,

186 1479 223 1510 V.
250 1478 287 1509 In
309 1478 458 1517 Brigidae
482 1477 572 1517 festo,
918 1483 997 1522 Ejus
1020 1484 1110 1522 prole
1133 1491 1204 1514 nam
1230 1487 1364 1518 veretur,

297 1525 351 1563 Pia
376 1524 492 1563 concio,
518 1525 651 1565 Pffl'vig'll
676 1527 751 1556 esso·
917 1530 1038 1561 Haeres
1062 1538 1136 1560 suus
1160 1533 1193 1560 ut
1218 1532 1373 1568 gravetur.

370 1588 415 1615 Ad
433 1586 609 1623 Magnificat.
865 1587 894 1618 3.
920 1585 1003 1616 Dum
1025 1584 1123 1616 vomit
1144 1585 1206 1615 ista.
1231 1585 1315 1616 cibos

181 1635 222 1667 A.
249 1634 443 1667 Jucundetur
467 1635 556 1674 prole
579 1636 662 1667 laeta
966 1632 1087 1670 magici,
1112 1631 1252 1670 signatur
1277 1631 1305 1661 ei
1328 1631 1394 1670 bos,

296 1682 392 1720 Virgo
417 1681 491 1713 Sion
515 1681 590 1720 filia,
918 1677 984 1715 Qua
1007 1680 1207 1717 sustenta-tur,

250 1727 345 1765 Quam
374 1736 441 1759 cum
466 1729 544 1759 rosis
569 1727 750 1760 rubicundis
965 1725 1085 1755 vomica
1099 1731 1158 1753 nec
1174 1723 1289 1754 abinde
1305 1725 1461 1762 gravatur.

295 1774 379 1805 Mire
402 1778 535 1805 vernant
557 1774 634 1812 lilia,

253 1819 369 1857 Quibus
388 1820 499 1858 J'uncta
518 1820 584 1858 Jam
610 1823 754 1851 centenos

296 1866 433 1897 Fructus
456 1866 548 1896 metit
570 1866 710 1904 Brigida,
864 1853 893 1884 1-

253 1911 338 1949 Quae
361 1910 489 1943 fallaces
514 1912 622 1943 mundi
645 1920 743 1943 nexus

296 1958 404 1989 Mente
428 1959 548 1996 sprevit
571 1957 683 1997 rigida.

1056 1801 1259 1834 Responsona.

921 1850 1117 1883 Celebremus
1143 1851 1338 1883 concinentes

964 1897 1113 1936 Brigidae
1135 1898 1298 1936 magnalia,

917 1944 1001 1982 Quae
1024 1944 1138 1974 illustri
1162 1943 1373 1976 Hibernorum

966 1992 1074 2021 exorta
1096 1984 1244 2028 prosapia

316 2032 378 2064 Ad
401 2032 665 2064 Matutinum.
920 2035 1042 2067 Christo
1066 2045 1140 2068 suae
1161 2037 1332 2075 juventutis

386 2087 597 2114 Invitatorium.
967 2083 1081 2114 dicavit
1105 2083 1287 2121 primordia.

248 2140 372 2178 Votum,
398 2139 598 2171 multimodas
853 2129 891 2161 V.
916 2128 1107 2160 Prudentum
1131 2133 1228 2160 metas

296 2190 328 2217 et
349 2187 422 2226 puri
444 2186 580 2225 pectoris
606 2185 683 2218 odas
965 2176 1095 2215 puerilis
1119 2176 1293 2208 transvolat
1317 2180 1412 2209 aetaS.

250 2233 382 2265 Auctori
409 2233 501 2273 vitae,
863 2233 893 2265 2.
920 2230 1010 2262 Hanc
1032 2234 1067 2262 ut
1090 2232 1155 2271 regi
1180 2234 1271 2272 pater
1294 2234 1420 2275 vendat,

296 2279 421 2318 fratres,
443 2279 580 2319 jubilare
604 2278 719 2311 venite.
967 2287 1060 2309 curru
1083 2278 1168 2310 vehit
1193 2279 1332 2318 proprio,
