1674 2492
294 181 341 212 In
367 182 396 213 1.
422 181 649 217 NocturnO.

375 239 567 274 Antiphonae.

172 284 203 317 1.
228 285 336 317 Annos
361 286 515 325 pueritiae

274 332 517 363 Transcendens
541 333 683 365 Donatus

226 376 402 409 Dulcedine
425 379 548 416 patriae

272 423 344 454 Non
369 426 417 455 est
439 424 629 457 immutatus,

169 478 199 510 2.
229 477 385 510 Christum
413 479 501 518 sequi
524 480 635 511 nititur

270 526 410 557 Mundae
433 533 512 564 puer
535 526 657 568 mentis,

224 570 362 602 Mundus
388 571 591 610 vilipenditur

271 616 347 648 Cum
373 617 618 650 oblectamentis.

165 672 195 703 3.
223 671 281 709 Qui
305 681 401 712 vagus
427 675 459 703 et
480 674 583 704 varias

224 717 383 749 Circuiens
409 719 586 756 provincias

221 763 361 795 Tandem
386 764 472 794 venit
494 772 552 802 per
576 763 715 795 salebras

219 810 273 841 Ad
296 810 409 841 montis
434 809 538 841 Lurae
561 810 710 843 latebras,

360 874 563 909 Responsoria.

164 922 194 954 1.
221 921 350 954 Servum
374 921 435 953 Dei
458 929 587 960 serpens
612 922 743 953 intuitus

774 91 840 126 113
887 112 933 115 —

843 187 873 218 3.
901 186 961 218 Hic
985 189 1124 226 tempore
1149 185 1269 217 diutino

822 912 858 943 V.

219 968 355 999 Sibilans
367 969 421 1000 dat
428 967 542 998 horren
546 968 600 999 dos
607 968 765 1010 strepitus,

218 1014 288 1046 Non
299 1019 347 1045 est
354 1014 475 1052 mirum,
486 1014 511 1044 si
520 1023 631 1052 parum
637 1015 765 1045 territus
830 1017 860 1048 3.

262 1061 339 1092 Fuit
361 1062 410 1092 vir
433 1060 569 1092 inclitus.

152 1106 189 1138 V.
217 1106 322 1138 Sancti
346 1106 517 1146 perniciem

263 1154 435 1192 propinans
462 1153 573 1191 capitis

218 1199 334 1230 Elevat
357 1199 456 1231 aciem

264 1245 441 1284 quindecim
473 1244 594 1275 cubitis.

159 1301 190 1332 2.
216 1301 371 1340 Angulari
396 1299 528 1331 confisus
551 1300 659 1338 lapide

215 1347 394 1379 Roboratur
417 1345 492 1377 fidei
517 1346 647 1385 casside,

220 1393 318 1432 Opem
328 1401 457 1432 sperans
467 1402 486 1423 a
494 1401 611 1423 summo
618 1393 764 1431 praeside

259 1441 386 1472 Perstat
412 1438 579 1478 intrepide,

212 1486 326 1517 Manus
338 1487 447 1517 levans
459 1485 501 1516 ad
514 1485 634 1516 coelum
641 1485 763 1523 poplite

213 1532 312 1564 Flexo
336 1540 476 1572 gressum
500 1530 569 1571 figit
582 1531 615 1562 in
633 1531 759 1570 cespite.
826 1551 843 1583 1

157 1589 188 1620 3.
214 1588 318 1619 Draco
344 1587 449 1620 statim
473 1590 539 1618 toto
565 1587 726 1618 conamine

209 1634 381 1666 Durentiae
404 1633 522 1665 labitur
545 1632 672 1664 flumine

212 1681 388 1720 Repentino
412 1680 672 1719 praecipitamine

258 1728 365 1759 Sancti
389 1727 578 1767 precamine,

144 1773 183 1805 V.
209 1773 380 1805 Multitudo
405 1781 536 1811 sequens
560 1772 721 1810 reptilium

212 1820 250 1851 In
275 1820 407 1850 eundem
432 1817 541 1849 defluit,
563 1817 700 1849 fluvium.

277 1902 323 1934 In
347 1904 379 1934 2.
405 1900 631 1931 Nocturno.

355 1959 547 1994 Antiphonae.

151 2011 182 2045 1.
209 2010 341 2042 Sanctus
366 2007 525 2040 admirans
549 2008 700 2045 properat

208 2056 262 2096 Et,
288 2056 343 2087 ubi
369 2056 463 2087 draco
488 2055 628 2092 steterat,

208 2102 368 2134 Aedificat
391 2100 558 2140 tugurium,

208 2149 408 2189 Paupertatis
431 2147 595 2178 indicium.

152 2207 183 2239 2.
209 2205 377 2237 Basilicam
402 2203 516 2234 montis
540 2203 573 2233 in
599 2201 732 2232 culmine

209 2251 317 2285 Sancti
341 2250 418 2282 fecit
440 2249 572 2282 Martini
594 2248 719 2279 nomine

206 2298 370 2330 Mediante
395 2295 511 2328 Christi
532 2295 700 2334 juvamine.

199 2357 325 2382 meva,
340 2354 460 2378 Historiae
474 2352 626 2381 rhythmicae.
655 2351 686 2373 11.

898 232 1047 263 Manente
1069 231 1130 262 Dei
1153 230 1269 262 famulo

898 278 1037 309 Tandem
1060 277 1178 316 placuit
1201 277 1334 309 Domino

898 323 1013 355 Notum
1037 323 1141 355 facere
1164 324 1291 362 populo.

1036 397 1237 431 Responsoria.

865 473 870 478 .
896 446 1063 478 Ruricolae
1086 449 1190 478 terrae
1213 446 1341 479 fortuito

896 492 975 523 Casu
1006 493 1115 524 cellam
1139 493 1284 524 viderunt
1311 494 1440 534 eminus,

895 537 958 570 Sed
981 540 1093 570 timore
1116 542 1294 577 serpentum
1320 540 1412 571 solito

893 583 963 615 Non
988 588 1060 616 sunt
1083 585 1151 615 ausi
1167 585 1273 616 venire
1290 586 1439 619 cominus.

891 629 1023 661 Sanctus
1048 630 1088 662 ad
1114 639 1148 662 se
1172 631 1267 662 verbo
1291 630 1440 664 mellifluo

893 675 993 707 Vocat
1018 685 1070 708 eos
1094 676 1254 715 loquentes
1277 683 1393 709 mutuo.

890 730 1057 762 Praedicat,
1079 732 1272 769 evangelium

889 775 964 806 Jesu
990 775 1105 807 Christi
1130 776 1283 817 ruricolis,

889 822 1045 853 Aeternae
1068 821 1152 852 vitae
1175 823 1348 860 praemium

890 867 1031 906 Spondet
1053 867 1172 897 relictis
1197 868 1301 903 idolis,

886 913 999 944 Verbis
1024 914 1090 952 ejus
1116 921 1222 944 omnes
1247 914 1408 953 obediunt⁷

887 960 1099 991 Orthodoxam
1123 958 1217 991 fidem
1242 961 1408 1000 recipiunt.

886 1015 1015 1055 Egressi
1040 1017 1144 1047 votum
1169 1013 1289 1047 faciunt

885 1062 924 1093 1n
946 1062 1004 1093 illa
1026 1063 1167 1092 sanctum
1190 1060 1296 1093 finibus

887 1107 1043 1147 Quotquot
1066 1107 1108 1138 ad
1132 1115 1200 1137 eum
1224 1111 1354 1140 veniunt,

885 1153 1023 1194 Fatigati
1047 1153 1259 1193 languoribus,

888 1200 1059 1232 Sanitatem
1081 1200 1238 1238 recipiunt

884 1246 963 1284 Ejus
988 1245 1189 1284 orationibus,

882 1293 1066 1323 Aromatum
1091 1292 1171 1321 cella
1196 1291 1356 1331 detegitur:

886 1338 1067 1369 Sanctitatis
1091 1337 1170 1368 odor
1195 1336 1391 1369 diffunditur.

950 1435 996 1467 In
1021 1437 1051 1468 3.
1078 1434 1303 1465 Nocturno.

1030 1498 1222 1533 Antiphonae.

850 1576 856 1582 .
883 1551 1004 1582 Taliter
1027 1551 1096 1582 Noe

928 1598 1050 1636 plantat
1075 1596 1240 1636 vineolam,

883 1644 968 1683 Quae
991 1652 1052 1675 non
1075 1641 1204 1673 fraudat

927 1699 1016 1721 suum
1041 1688 1216 1721 vinicolam.

881 1744 971 1776 Infra
993 1753 1123 1784 parvum
1149 1747 1285 1782 spatium

927 1791 1041 1822 Vinum
1065 1789 1197 1828 profert,
1220 1790 1304 1821 unde

882 1837 1014 1868 Sanctus
1038 1834 1224 1867 sacrificium

927 1883 1039 1914 Faciat
1062 1880 1198 1913 abunde.

851 1960 857 1966 .
880 1937 1027 1968 Rusticus
1052 1934 1253 1967 confunditur

926 1982 1028 2014 Uvam
1052 1986 1181 2022 portans
1206 1991 1277 2024 ore„

883 2028 946 2060 Sed
969 2029 1051 2060 liber
1076 2027 1211 2059 efficitur

926 2076 1017 2108 Licet
1042 2084 1110 2107 cum
1135 2075 1265 2108 rubore..

1019 2149 1222 2182 Respousoria.

848 2225 855 2232 .
880 2200 1044 2232 Ebreduni
1058 2198 1428 2242 deeus‚flos,specu1um>‚

880 2246 1080 2279 Florentinus
1121 2249 1321 2278 contemnens
1358 2258 1428 2281 sae-

1204 2294 1307 2324 culum

1240 2345 1258 2375 8
