1656 2491
259 476 288 505 {0

256 1990 292 2020 V.

753 69 1002 103 ——174—

375 171 419 202 In
445 171 475 201 2.
502 168 720 200 Nocturno.

452 227 638 261 Antiphonae.

282 305 289 312 .
314 283 379 318 lvo,
404 288 461 318 pro
486 286 544 318 quo
569 281 603 308 tu
625 277 768 312 advocas,

356 327 535 363 Promptum
559 323 653 354 sentit
676 321 832 359 auxilium,

312 372 390 403 Nam
414 371 541 407 inveniS,
569 369 640 400 dum
663 369 798 405 invocas,

356 417 455 448 Deum
479 415 536 446 tibi
558 414 734 454 propitium.

315 473 379 510 Ivo,
405 474 491 502 scuto
516 468 748 501 benevolentiae

313 518 406 557 Tegit
427 516 511 549 Deus
537 515 696 546 clientulos
718 516 798 551 tuoS,

314 564 430 602 Lapsos
454 562 551 593 trahit
574 561 615 592 ad
631 561 726 591 vitam
746 560 850 590 veniae

313 610 355 641 Et
380 609 417 639 ab
443 616 516 639 orcu
539 607 668 638 suscitat
688 609 834 638 mortuos.

281 689 289 696 .
314 666 381 701 Ivo,
405 672 495 703 quam
519 662 702 693 admirabile

360 709 479 740 Nomen
503 712 588 739 tuum
614 707 812 746 dignoscitur,

313 756 395 787 Nam
422 757 530 786 eontra
551 753 681 792 quodvis
704 750 808 783 flebile

360 801 487 834 Malum,
514 800 595 837 quod
618 799 707 829 homo
725 797 850 836 patitur,

313 848 375 879 Per
397 849 430 877 te
454 844 614 876 confestim
633 844 710 874 utile

359 891 541 923 Remedium
564 890 718 921 tribuitur.

377 974 421 1004 In
447 975 477 1006 3.
503 972 724 1004 Nocturno.

458 1030 646 1065 Antiphonae.

286 1111 292 1117 .
317 1086 383 1121 lvo,
407 1083 460 1122 qui
483 1091 516 1113 es
540 1083 580 1113 ad
604 1082 733 1119 gloriam

362 1130 521 1168 Ingressus
544 1128 611 1158 sine
633 1127 761 1165 macule,

318 1176 455 1213 impetra
478 1174 566 1205 nobis
590 1173 709 1204 veniam

362 1220 406 1252 Et
428 1220 558 1260 gratiam
583 1218 749 1250 accumula.

314 1276 379 1313 Ivo,
407 1275 478 1305 dum
502 1277 570 1304 tuas
592 1273 752 1312 psallimus

362 1320 500 1351 Virtutes
522 1321 552 1350 et
574 1318 734 1354 miracula,

322 1367 382 1398 Per
405 1369 436 1397 te
459 1368 632 1396 nostrarum
655 1365 809 1403 poscimus

366 1411 531 1450 Culparum
554 1410 634 1442 solvi
656 1410 788 1441 vincula.

287 1491 294 1497 .
319 1468 383 1504 Ivo,
408 1467 441 1497 in
464 1467 598 1496 montem
623 1464 746 1495 Domini

364 1511 508 1543 Meruisti
531 1510 706 1550 ascendere,

319 1557 478 1589 Praesenti
501 1559 640 1595 praestes
664 1556 777 1595 agmini

364 1604 548 1635 Innocenter
570 1605 602 1633 te
626 1603 735 1633 colere.

457 1666 656 1700 Responsoria.

317 1714 435 1745 Doctor
459 1713 543 1751 cleri,
571 1713 677 1744 doctor
701 1713 776 1750 veri,

366 1760 430 1798 Ivo,
455 1759 543 1789 bonis
567 1767 622 1789 nos
647 1759 782 1797 adstrue,

319 1807 400 1838 Laus
417 1808 601 1843 sanotomm,
626 1805 679 1835 lux
695 1808 857 1843 rectorum,

365 1851 430 1883 Nos
453 1851 585 1889 illustra,
610 1859 665 1881 nos
689 1851 807 1881 instrue

322 1898 362 1929 Et
387 1906 442 1928 nos
465 1906 485 1928 a
508 1897 597 1927 malis
622 1904 695 1927 erue

367 1942 517 1982 Suffragio
542 1942 643 1980 precis
667 1945 739 1973 tuae

318 1991 361 2020 Et
384 1998 403 2019 a
425 1989 510 2020 vitiis
536 1996 612 2019 exue

319 2035 368 2066 Ac
390 2034 554 2065 virtutibus
576 2034 680 2066 indue.

1079 160 1139 191 Ad
1164 158 1338 191 Laudes.

1113 222 1304 257 Antiphonae.

916 282 944 314 1.
968 280 1125 312 llIirabilis
1148 280 1181 310 in
1205 277 1276 309 altis
1300 276 1461 312 Dominus,

972 326 1029 366 Qui
1053 327 1178 358 Ivonem
1203 323 1279 355 feeit.
1300 321 1485 358 mirabilem,

972 373 1068 405 Omne
1091 371 1179 402 nobis
1206 369 1342 402 dimittas
1367 366 1487 398 facinus

971 420 1046 451 Sese
1058 418 1210 457 praebens
1220 415 1308 448 nobis
1318 413 1513 454 placabilem.

938 509 945 516 .
972 483 1077 515 Omnis
1101 484 1187 512 terra
1209 480 1341 511 resultet
1364 477 1485 517 gaudiis

972 530 1008 561 In
1033 528 1138 560 Ivonis
1162 527 1260 558 sacris
1284 523 1451 556 solemniis

941 614 947 619 .
973 589 1068 627 Deus,
1093 587 1178 618 Deus
1194 593 1330 616 summae
1346 584 1515 623 potentiae,

973 635 1085 666 Servos
1109 635 1178 664 tuos
1206 631 1307 663 lvonis
1329 629 1474 661 laudibus

973 680 1156 712 {insistentes
1180 678 1255 709 audi
1275 676 1413 716 propitio

974 727 1106 758 servans
1132 733 1183 756 eos
1208 733 1227 754 a
1250 723 1340 754 malis
1365 721 1514 752 omnibus.

943 816 949 822 .
974 792 1011 822 Iu
1034 791 1130 821 Ivone
1153 791 1185 819 te
1208 786 1429 822 benedicimus,

972 837 1030 868 Pie
1045 837 1130 871 Jesu,
1156 835 1229 865 dum
1252 833 1354 871 ipsum
1377 832 1515 863 colimus.

942 921 948 927 .
974 897 1133 935 Tympano
1159 896 1190 925 et
1213 893 1362 931 psalterio

975 942 1151 972 Laudemus
1175 939 1234 971 Dei
1259 939 1389 977 gloriam

973 987 1140 1026 Sperantes
1164 985 1388 1024 indulgentiam

975 1033 1079 1064 lvonis
1103 1031 1285 1070 patrocinio.

1088 1113 1132 1140 Ad
1156 1112 1335 1140 Benedictus.

942 1198 947 1202 .
973 1171 1160 1202 Benedictus
1184 1168 1335 1199 Dominus
1359 1167 1505 1206 omnium,

974 1218 1046 1254 Ivo,
1071 1215 1129 1247 tibi
1156 1216 1207 1246 dat
1232 1214 1313 1245 hano
1335 1213 1517 1253 potentiam,

974 1262 1061 1301 Quod
1074 1263 1233 1300 protector
1244 1261 1276 1291 in
1289 1262 1321 1290 te
1328 1259 1519 1299 sperantium

974 1308 1094 1340 Inimici
1118 1307 1201 1339 saevi
1224 1305 1424 1345 proterviam,

975 1351 1524 1392 Domas,fluetuS,demisineendium,

975 1400 1071 1431 Rixas
1089 1399 1184 1438 tollis,
1201 1397 1287 1429 foves
1306 1397 1518 1437 concordian13

977 1446 1059 1477 Audi
1084 1453 1175 1477 voces
1200 1445 1240 1476 ad
1265 1447 1297 1474 te
1321 1444 1519 1475 clamantium

977 1492 1018 1523 Et
1040 1492 1075 1522 in
1097 1492 1185 1530 pacis
1209 1491 1311 1529 dirige
1332 1499 1390 1521 nos
1412 1490 1505 1521 viam.

1046 1592 1092 1622 In
1118 1594 1148 1624 2.
1174 1591 1388 1630 VesperiS.

1098 1654 1142 1682 Ad
1160 1653 1336 1690 Magnificus

945 1737 952 1743 .
976 1713 1012 1744 In
1036 1711 1139 1743 lvonis
1164 1711 1321 1743 solemniis

979 1758 1122 1789 Exsultet
1145 1760 1252 1790 noster
1275 1758 1403 1796 spiritus

981 1804 1139 1835 Poscendo
1164 1804 1309 1843 precibus
1333 1804 1405 1844 piis,

979 1850 1024 1882 Ut
1046 1859 1101 1881 nos
1126 1851 1254 1889 adJ'uvet
1278 1851 1407 1881 coelitus

979 1896 1159 1935 Impetratis
1182 1896 1329 1927 remediis

981 1942 1021 1973 Et
1046 1950 1102 1973 nos
1125 1942 1239 1973 liberet
1261 1943 1385 1981 penitus

980 1988 1010 2018 A
1033 1988 1175 2027 malignis
1195 1989 1357 2028 molestiis,

982 2034 1098 2071 Quibus
1122 2034 1254 2066 mundus
1280 2037 1328 2065 est
1350 2035 1502 2066 subditus.

330 2098 412 2125 Brev.
436 2106 486 2124 ms.
512 2098 689 2124 Bit-urieense
713 2105 786 2124 saec.
815 2096 857 2124 14.
896 2097 963 2124 Cod-
988 2097 1128 2124 Parisien.
1153 2095 1217 2125 745.
1244 2098 1277 2124 A.
1302 2112 1339 2117 —
1363 2099 1446 2125 Brev.
1474 2108 1526 2127 ms.

258 2135 471 2163 Constantiense
486 2142 559 2162 saec.
575 2133 616 2161 15.
643 2133 709 2161 Cod.
724 2134 863 2161 Parisien.
880 2132 957 2162 1300.
972 2134 1003 2161 B.
1019 2148 1053 2153 ——
1068 2134 1149 2161 Brev.
1163 2135 1313 2162 Leonense
1325 2136 1393 2170 imp.
1406 2136 1527 2163 Parisiis

260 2170 337 2199 1516.
364 2172 393 2199 C.
420 2186 456 2190 —
476 2172 532 2199 Die
552 2172 617 2198 Ant.
640 2172 673 2198 iu
698 2170 721 2198 1.
740 2172 826 2206 Vesp.
853 2180 907 2198 nur
932 2173 963 2198 in
982 2172 1012 2199 G.
1033 2185 1068 2189 ——
1091 2172 1135 2200 Ad,
1153 2172 1236 2199 Noct.
1257 2171 1279 2198 Α
1301 2171 1332 2204 1,
1363 2172 1377 2199 1
1404 2174 1527 2200 advocas

257 2210 347 2237 soviel
367 2209 409 2236 als
430 2208 598 2236 advocatum
619 2210 694 2244 agis,
720 2209 917 2243 patrocinaris.
948 2227 966 2230 -
1005 2208 1049 2236 Ad
1069 2209 1137 2236 Ben.
1159 2208 1189 2242 Α,
1213 2208 1233 2236 4
1257 2212 1425 2242 saevientis;
1452 2211 1470 2239 S
1489 2211 1530 2238 Et

258 2247 420 2319 tligrggseqnos
438 2248 470 2273 in
486 2247 563 2273 viam
583 2247 669 2280 pacis.
688 2247 721 2273 A.
746 2261 777 2265 —
803 2246 859 2273 Die
877 2245 1069 2282 zugeherigen
1088 2247 1223 2280 Hymnen
1241 2246 1299 2283 vgl.
1318 2247 1459 2276 Analecta
1477 2249 1528 2284 XI,
