1656 2491
743 74 972 107 -38-

228 171 256 201 2.
282 168 449 208 Robertus‚
474 177 530 199 rex
554 167 714 206 Franciae‚
943 164 1064 196 Laesae
1087 164 1200 195 mentis
1224 163 1392 203 medicina„

327 216 388 247 Per
411 214 510 246 sancti
535 212 702 245 subsidium
942 211 1025 243 Vero
1048 219 1167 242 morum
1194 209 1369 249 disciplina,

282 260 466 298 Triumphat
488 260 520 290 in
544 259 611 290 acie
989 257 1075 295 Rege
1098 265 1154 287 nos
1178 257 1210 287 in
1235 255 1337 287 stadio

327 305 444 337 Belnae
465 303 715 344 Lingonensium.
945 302 1010 334 Nos
1036 310 1222 333 conservans
1247 311 1266 333 a
1289 301 1380 333 ruina

226 361 256 392 3.
281 360 394 398 Mater,
421 367 499 398 quae
522 358 742 390 transmittitur
945 348 989 379 E'ss
1012 357 1031 380 a
1053 350 1154 380 ΠΙΟΓῑθ
1177 348 1340 401 ΓξὲΙξθΠῒῘΠὶῑ

327 406 388 436 Per
411 412 512 444 regem
536 403 735 446 Francorum,
992 395 1059 425 TUO
1082 398 1267 433 patrocinio.

283 450 418 481 Salutem
442 449 615 487 assequitur

327 494 433 526 Trium
455 503 632 534 puerorum.
1014 495 1057 526 In
1085 496 1115 527 2.
1141 494 1357 532 Vesperis.

225 551 256 581 4.
283 549 340 587 Qui
363 548 473 580 balneo
497 549 628 580 moritur
1064 557 1110 584 Ad
1126 556 1303 592 Magnificat.

327 595 409 626 Puer
432 594 606 633 saffocatus’
878 614 917 646 A.
944 613 968 645 Ο
996 621 1050 645 vas
1074 613 1140 644 auri
1167 612 1310 650 solidum,

282 639 379 671 Sanus
403 641 496 671 matri
520 640 663 672 redditur

330 686 441 718 Sancto
468 686 639 719 devotatus.
989 659 1054 690 vas
1076 659 1269 697 mvmlamm’

945 704 1034 736 Omni
1060 704 1139 735 dono
1163 704 1303 743 lapidum

226 741 257 772 5.
283 739 472 771 Gfllebel'tUS
498 740 613 779 desiplfi
992 750 1129 783 Goefitug
1154 752 1306 789 ornatum,

328 787 494 817 Incurrens
518 787 692 826 amentiam,
941 796 999 834 Quj
1023 795 1155 827 servasti
1179 795 1344 827 candidum

280 831 384 870 Atque
407 834 531 863 sanctus
557 832 686 871 corripit
989 842 1082 873 Vitae
1104 841 1300 875 coenbafflm,

326 877 404 916 Ejus
428 878 632 909 insolentiam.
943 887 1060 918 Mentis
1086 889 1212 918 nostrae
1235 887 1396 918 horridum

562 968 568 973 ¹
991 933 1165 972 Detergens
1190 935 1320 970 reatum,

399 967 444 994 Ad
461 967 641 995 Benedictus.
944 979 1091 1010 Fractum
1117 986 1169 1008 cor
1193 980 1224 1009 et
1247 978 1396 1018 tepidum,

219 1022 258 1054 A.
283 1023 362 1062 Ave,
384 1024 476 1055 stella
497 1024 657 1064 matutina,
989 1024 1113 1055 Meritis
1137 1023 1289 1063 orbatum,

283 1067 364 1100 Vero
388 1069 448 1100 soli
471 1069 628 1100 convicina
944 1069 1056 1101 Redde
1077 1070 1144 1100 Deo
1167 1069 1316 1108 placitum

331 1113 460 1145 Stellato
483 1114 611 1153 palatio,
992 1115 1054 1146 Per
1077 1118 1164 1146 tuum
1186 1119 1357 1154 precatum.

292 1195 374 1222 Brev.
400 1203 451 1221 ms.
470 1194 657 1223 Atrebatense
681 1204 754 1223 saec¹
783 1195 825 1223 14.
858 1196 925 1223 Cod.
944 1196 1108 1224 Atrebaten.
1135 1194 1198 1223 717.
1217 1196 1250 1223 A.
1271 1211 1307 1215 —
1326 1197 1410 1223 Brev.
1433 1206 1487 1225 ms.

218 1230 405 1258 Atrebatense
424 1239 496 1259 saec.
518 1230 560 1258 15.
591 1232 658 1259 Cod.
678 1232 841 1260 Atrebatem
861 1230 942 1260 1034.
960 1232 995 1259 B.
1014 1247 1051 1252 ——
1069 1233 1105 1259 In
1125 1232 1149 1259 1.
1164 1234 1246 1260 Noct.
1260 1231 1283 1259 Α
1304 1231 1330 1266 2,
1353 1232 1387 1261 10
1406 1242 1488 1268 prae-

219 1276 228 1285 f
253 1268 310 1295 niis
328 1268 362 1295 A.
381 1283 419 1287 —
437 1268 471 1295 In
490 1265 516 1294 3.
536 1269 617 1296 Noct.
639 1267 659 1295 Β
681 1266 706 1304 3,
730 1267 763 1295 10
783 1269 838 1296 His
858 1270 908 1304 qui
927 1270 1085 1296 venabatur
1104 1270 1137 1297 A.

656 1419 690 1451 11.
729 1422 771 1451 De
794 1422 899 1452 saneto
918 1422 1049 1453 Annone.

356 1506 401 1537 In
428 1506 457 1538 1.
482 1506 694 1547 vesperis.
1012 1508 1073 1539 Ad
1095 1507 1353 1540 Matutinum.

397 1573 487 1608 Super
505 1573 645 1601 Psalmos.
1079 1562 1290 1589 InVitatOYiU-m-

627 1640 633 1646 .
945 1612 982 1643 In
1005 1613 1146 1644 Annonis
1170 1622 1271 1645 annua

219 1640 258 1670 A.
286 1639 411 1670 Sursum
437 1639 532 1670 corda
555 1642 740 1671 susc1tentur
989 1658 1196 1690 veneratione

329 1685 367 1715 In
389 1685 515 1716 laudum
536 1685 712 1724 praeconia,

284 1731 329 1763 Ut
353 1730 502 1770 condigne
527 1731 721 1762 celebrentur

331 1777 471 1808 Annonis
495 1777 653 1809 solemnia.

944 1704 1120 1736 Adoremus
1144 1704 1310 1737 Dominum

991 1750 1067 1782 Cum
1093 1751 1264 1782 devotione.

1011 1824 1056 1854 In
1082 1824 1113 1856 1.
1138 1823 1362 1858 Nocturno.

403 1876 448 1903 Ad
464 1875 639 1912 Magnificat.
1089 1878 1279 1913 Antiphonae.

219 1938 257 1968 A,
283 1937 361 1975 Ave,
387 1940 512 1968 sanctae
535 1936 609 1968 fidei
890 1930 919 1961 1.
947 1929 1040 1961 Ortus
1065 1937 1103 1960 ex
1127 1929 1312 1962 Alemannia

329 1983 410 2014 Fide
433 1983 640 2022 praedicator,
944 1975 1116 2008 Praelustri
1142 1975 1181 2006 de
1204 1977 1362 2019 prosapia,

284 2028 362 2067 Ave,
389 2027 495 2059 domus
518 2028 643 2060 Domini
944 2021 1101 2052 Virtutum
1123 2021 1215 2053 Anno
1241 2023 1398 2055 schemate

330 2074 445 2113 Magne
467 2078 688 2115 propugnator,
943 2067 1057 2106 Ffflsit,
1082 2077 1145 2099 non
1168 2069 1269 2100 minus
1293 2073 1476 2103 stemmate„

283 2119 480 2152 Famulorum
504 2123 536 2151 te
560 2121 712 2152 colentum
890 2124 922 2154 2.
948 2121 1112 2154 Praeditus
1136 2123 1260 2163 ingenio

330 2166 467 2197 Attende
491 2167 678 2211 precamina7
948 2168 1086 2201 Profecit
1109 2170 1141 2200 in
1166 2170 1280 2210 studio,

285 2213 330 2246 Ut
351 2221 409 2251 per
433 2215 463 2243 te
485 2213 694 2251 peccaminum
947 2215 1109 2247 Praelatus
1132 2215 1165 2247 in
1189 2216 1274 2256 regio

332 2258 534 2291 Sublevemur
557 2260 686 2292 sarcina.
947 2261 1066 2293 Ceteris
1089 2263 1216 2300 palatio.
