1656 2491
203 176 240 208 V.
267 175 324 213 Qm·
347 178 411 206 tam
434 174 573 205 sublimis
872 171 903 200 5.

313 229 407 259 prece
429 229 485 251 nos
509 218 650 250 sustollat
671 217 710 248 ab
725 216 805 248 imiS.

377 320 438 352 Ad
462 318 632 350 Laudes,

406 381 595 416 Antiphonae.

214 440 243 472 1.
268 439 357 471 Mens
380 438 434 476 pia
458 437 603 477 Castoris,
861 425 901 457 A.

310 484 429 514 lumbos
452 482 630 520 praecincta
655 481 780 521 vigoris,

266 529 370 561 Morte
393 527 582 566 triumphata

313 573 426 605 fruitur
449 574 509 604 sibi
534 576 616 603 sorte
641 574 761 611 parata.

211 640 241 670 2.
269 637 399 675 Christo,
426 637 474 667 cui
497 638 657 674 promptus

311 683 438 714 servivit
463 691 530 713 oum
553 682 679 720 pietate.

268 727 440 767 Conregnat
461 729 596 766 junctus,

313 774 362 804 cui
385 773 534 804 laetantes
556 772 697 811 Jubilate.

213 840 243 870 3.
268 837 313 869 Te
335 838 434 868 solum
458 844 595 873 cernens,
863 854 893 884 A

313 891 370 920 pro
378 886 419 919 te,
433 882 525 913 Deus.
539 882 640 913 omnia
647 890 806 920 spernens,

268 928 320 959 Ad
344 930 376 958 te
398 928 551 967 transivit,

316 982 405 1011 quem
427 976 491 1004 toto
517 973 610 1003 corde
634 972 740 1003 sitivit.

216 1039 246 1068 4.
272 1036 419 1068 Flammis
442 1036 473 1066 in
498 1035 629 1067 Domino

316 1082 469 1120 superatis
493 1084 539 1111 tot
562 1081 706 1111 vitiorum

272 1126 394 1159 Gaudet
421 1135 487 1157 cum
512 1127 643 1158 Domino

318 1177 442 1204 cantans
467 1173 612 1211 hymnum
632 1179 807 1209 puerorum.

929 168 1112 199 Sanctorum
1137 170 1240 198 coetus

973 217 1039 244 tam
1063 216 1169 243 sancto
1195 220 1338 250 compare
1362 211 1473 250 laetus,

929 259 994 297 Quo
1018 259 1106 290 miles
1131 259 1254 298 gaudet,

973 312 1078 344 regem
1101 313 1160 343 pro
1183 305 1282 335 milite
1304 303 1422 335 laudet.

1043 376 1088 403 Ad
1107 376 1287 404 Benedictus.

927 424 1115 455 Benedictus
1139 431 1195 454 rex
1220 423 1361 454 coelestis

927 469 972 501 Et
993 471 1026 500 in
1052 470 1145 500 coelis
1170 473 1201 498 et
1224 469 1256 499 in
1280 468 1383 500 terris,

930 515 989 552 Qui
1013 515 1151 546 Castoris
1173 514 1327 550 sublimia,

929 562 1014 597 Quae
1036 560 1068 591 in
1095 559 1187 591 coelis
1212 561 1283 590 sunt
1307 559 1429 597 merita,

927 605 972 638 Et
994 607 1027 637 in
1051 606 1143 636 terris
1168 604 1306 644 angelico

929 652 1111 683 Declaravit
1134 651 1268 683 oraculo.

995 743 1041 774 In
1066 744 1095 775 2.
1122 742 1334 780 vesperis,

1048 800 1094 826 Ad
1111 800 1287 835 Magnifieat.

897 879 903 886 .
930 853 954 884 Ο
979 851 1070 891 pater
1093 852 1280 886 beatissime,

930 899 1042 931 Pastor
1065 897 1309 936 vigilantissime,

929 944 1062 983 Gregem
1085 947 1171 973 tuum
1196 943 1348 974 continuis

930 989 1037 1030 Serva,
1064 988 1182 1021 Castor.
1208 988 1331 1028 vigiliis,

930 1035 973 1066 Ut
997 1035 1163 1066 Dominum
1187 1035 1367 1065 redeuntem

928 1082 958 1112 A
982 1081 1099 1119 nuptiis
1123 1084 1152 1110 et
1176 1081 1350 1117 pulsantem

930 1126 1007 1158 Mox
1032 1126 1161 1164 vigilans
1183 1126 1327 1165 excipiat,

931 1171 1007 1202 Cum
1031 1180 1090 1210 quo
1113 1172 1209 1202 vitam
1232 1172 1396 1210 percipiat.

279 1235 361 1262 Brev.
387 1243 439 1262 ms.
459 1235 486 1262 S.
508 1233 633 1261 Castoris
658 1234 694 1260 ad
714 1233 914 1261 Confluentes?
934 1242 1007 1261 saec.
1028 1232 1100 1260 1³l14.
1135 1233 1202 1261 Cod.
1222 1234 1389 1262 Laudunen.
1410 1232 1473 1262 260.

205 1271 240 1298 A.
260 1285 294 1290 ——
314 1272 397 1298 Brev.
420 1280 472 1298 mr.
497 1270 526 1297 S.
547 1271 654 1298 Florim'
675 1271 711 1297 ad
732 1270 911 1298 Confluentes
931 1279 1005 1297 saec.
1026 1269 1069 1297 15.
1099 1271 1166 1298 Cod.
1188 1273 1293 1298 nemin.
1312 1272 1423 1306 Magun

1422 1273 1473 1298 tin.

208 1316 229 1334 s.
249 1317 277 1334 n.
291 1309 322 1335 B.
336 1324 373 1328 —
385 1309 466 1336 Brev.
486 1316 537 1334 ms.
553 1307 580 1334 S.
596 1307 721 1334 Castoris
742 1307 777 1333 ad
791 1308 970 1334 Confluentes
985 1315 1057 1334 saec.
1074 1305 1116 1334 15.
1138 1307 1204 1334 Cod.
1224 1307 1315 1341 Capit.
1328 1309 1473 1335 Treviren.

208 1342 261 1371 195)Ι
298 1344 326 1370 C.
357 1363 375 1366 -
416 1345 450 1370 111
478 1342 504 1371 3.
524 1344 605 1370 Noet.
633 1342 652 1368 R
676 1343 706 1372 1.
733 1342 750 1370 5
775 1344 916 1376 Quoniam
941 1347 973 1370 tu.
996 1344 1164 1371 illuminasti
1189 1344 1222 1370 A.
1244 1359 1279 1364 --
1297 1344 1342 1370 Ad
1360 1344 1474 1372 Laudes

207 1379 230 1406 Α
258 1380 289 1414 2,
316 1379 331 1407 1
358 1380 486 1407 Clu-intus
512 1382 557 1406 cui
577 1382 610 1407 A.

660 1395 666 1399 -
687 1381 739 1407 Die
760 1381 904 1407 Herkunft
928 1389 986 1407 von
1004 1383 1030 1407 A
1053 1381 1144 1408 bleiht
1169 1380 1305 1415 fraglich,
1331 1381 1397 1408 weil
1423 1382 1474 1408 das

207 1417 412 1444 Kalendarium
440 1426 504 1443 zum
536 1415 577 1442 17.
606 1415 667 1444 Juli
698 1416 846 1444 Dedicatio
875 1418 1031 1452 Aquensis,
1061 1425 1125 1443 zum
1155 1415 1197 1444 10.
1228 1418 1356 1445 Oktober
1385 1418 1475 1445 Anni-

210 1462 368 1480 versarmm
388 1453 581 1480 defunctorum
600 1454 718 1479 fratrum
738 1456 765 1479 et
785 1461 913 1480 sororum
933 1454 1040 1481 ordinis
1059 1456 1150 1481 nostri
1171 1456 1302 1487 eintriigt.

652 1549 697 1580 33.
736 1550 778 1580 De
797 1550 900 1581 sancto
924 1549 1029 1581 cedda.

339 1617 387 1648 In
410 1618 439 1649 1.
465 1618 570 1656 Vesp
582 1617 675 1649 eris.

413 1680 603 1715 Antiphonae.

217 1735 247 1767 1.
274 1734 495 1767 Germanorum
519 1740 648 1774 quatuor

317 1790 395 1812 unus
422 1786 466 1812 est
491 1782 607 1821 beatus,

274 1826 390 1867 cedda,
416 1836 543 1865 quorum
567 1827 695 1866 quilibet
878 1825 908 1857 5.

320 1877 387 1904 erat
411 1877 615 1905 consecratus.

218 1928 250 1958 2.
275 1927 399 1959 Summo
422 1928 595 1959 sacerdotio

321 1973 380 2004 duo
406 1978 632 2008 consecrantur,

274 2019 450 2049 Praesulari
474 2019 607 2057 simplici

321 2065 380 2095 duo
405 2068 601 2098 venerantur.

218 2120 249 2151 3.
273 2118 331 2150 His
354 2119 454 2150 inerat
478 2128 622 2151 numerus

320 2166 586 2205 evangelistarum,

276 2211 337 2242 Per
360 2219 435 2250 quos
457 2212 531 2243 inde
554 2211 641 2243 fieret

320 2257 430 2288 horum
453 2266 530 2297 opus
555 2259 680 2290 clarum.

876 1619 907 1651 4.
935 1617 1046 1649 Omnes
1071 1619 1263 1658 evangelium

981 1663 1095 1695 Christi
1118 1665 1339 1703 praedicarunt

932 1709 974 1741 Et
998 1718 1110 1749 vepres
1133 1720 1152 1741 a
1175 1711 1274 1742 vineis

979 1756 1045 1793 ers
1070 1757 1291 1794 exstirparunt.

934 1822 1043 1855 Cedda
1065 1826 1183 1855 tantum
1209 1826 1320 1857 ceteris

980 1874 1048 1901 erat
1070 1870 1304 1911 praeferendus,

933 1915 1093 1954 Dignitate
1115 1917 1219 1948 meriti

979 1963 1078 2000 major
1101 1967 1146 1993 est
1172 1963 1352 1994 censendus.

868 2030 907 2061 R.
934 2030 958 2062 O
983 2034 1090 2069 pastor
1115 2031 1218 2071 digne,

980 2077 1102 2107 miseris
1125 2078 1259 2109 concede
1283 2078 1426 2119 benigne,

936 2122 1023 2159 Quod
1047 2126 1178 2161 poscunt
1201 2133 1218 2154 a
1243 2128 1285 2163 te,

984 2168 1142 2200 confessor
1165 2170 1275 2202 Cedda
1297 2171 1406 2213 beate3

871 2214 909 2246 V.
934 2213 1046 2246 Funde
1070 2223 1178 2253 preces
1204 2216 1328 2249 Christo

981 2269 1038 2299 pro
1064 2265 1152 2293 coetu
1173 2262 1289 2302 jugiter
1309 2264 1380 2296 isto.
