1679 2491
309 175 391 202 Brev.
418 183 469 202 ms.
492 175 676 203 Eboracense
703 184 776 203 saec.
805 174 847 202 15.
876 174 943 201 ond.
965 173 1085 209 collegii
1104 172 1155 200 SS.
1175 173 1276 199 Trinit.
1303 169 1457 198 Dublinen.
1478 168 1509 195 A.

234 213 262 240 ὃ.
281 210 308 238 9.
327 212 361 239 A.
381 226 417 230 —
431 212 513 239 Brev.
534 221 586 240 ms.
598 213 781 240 Eborac-ansa
800 221 874 239 saee.
896 210 940 238 15.
960 211 1028 240 Cod.
1041 210 1200 238 Londinen⁴
1217 207 1288 235 Add.
1308 204 1408 235 30511.
1427 207 1460 233 Β.
1474 220 1504 224 μ-

235 250 317 277 Brev.
346 249 529 278 Eboracense
554 252 622 283 imp.
648 251 769 277 Parisiis
802 248 881 277 1533.
914 248 943 275 (J.
970 262 1006 268 —
1031 249 1066 275 In
1093 246 1117 274 1.
1145 248 1230 281 Vesp.
1258 245 1294 273 acl
1318 245 1414 280 Magn.
1443 242 1477 277 A,
1496 240 1513 269 6

233 287 322 313 lactet
343 286 439 313 haben
459 286 542 314 AssC.
568 301 605 306 —
627 288 663 315 In
682 284 708 314 3.
728 287 810 314 Noet.
831 285 852 313 Α
874 284 903 321 2,
933 285 946 313 1
973 286 1070 312 Scevit
1095 284 1267 318 elemosynis
1293 283 1325 309 B.
1352 295 1387 300 ——
1413 281 1512 308 Neben

12 0 18 42 t

9 102 21 312 ἶ
748 82 997 116 -261—

233 323 408 351 wilhelmus
427 323 475 351 (lie
492 325 579 352 Form
597 325 775 351 willermus.

17 417 21 471 ᾗ
581 413 645 444 100.
682 413 716 443 In
735 412 950 445 Transiafione
968 420 993 443 s.
1014 411 1147 442 Zenohii.

9 477 21 497 ⁴
373 482 418 513 In
444 484 475 515 1.
501 481 714 521 Vesperi&

444 555 634 591 Antiphonae.

244 614 274 646 1.
300 612 429 650 Zenoffl,
438 612 492 652 qui
497 612 645 643 sacerdos
649 612 683 642 in
689 613 848 642 aeternum

10 670 18 723 [ἱ
299 659 445 698 Exsistis,
472 660 526 689 tua
549 666 605 690 nos
630 658 833 688 translatione

301 705 473 737 Psallentes
491 705 593 736 cordis
607 713 676 736 cum
685 703 848 735 devotione

300 751 366 783 Fac
405 760 498 790 prece
539 759 666 789 regnum
698 749 848 781 scandere

625 804 802 836 supernum.

243 856 274 886 2.
299 854 516 885 Monstrantur
539 860 653 890 magna
676 859 771 889 opera
793 851 846 882 do-

623 897 744 935 minica‚

301 946 359 984 Qui
394 946 446 977 diu
474 946 560 976 terra
584 944 689 975 lumen
713 943 847 975 occulta-

624 993 689 1021 tum

299 1038 337 1069 In
360 1039 462 1069 lucem
485 1036 607 1076 profert
629 1036 724 1068 hodie
746 1039 848 1067 trans-

624 1084 732 1122 latum,

297 1131 349 1162 Ex
399 1139 457 1169 quo
507 1132 651 1169 patenter
693 1129 849 1168 pullulant

621 1174 763 1208 mirifica.

242 1235 273 1266 3.
298 1232 427 1265 Divitiis
452 1235 484 1263 et
507 1232 607 1271 gloria
630 1230 758 1262 fulcitur

301 1279 394 1312 Nunc
426 1279 533 1310 domus
559 1277 748 1310 cathedralis
771 1277 845 1310 Flo-

7 1315 16 1385 *
619 1324 756 1363 mentina,

297 1371 443 1403 Ecclesia
468 1370 616 1403 detractis
639 1370 831 1402 Laurentina

300 1418 429 1450 Zenobii
452 1419 525 1450 dum
549 1417 697 1448 membris
717 1417 843 1449 redimi-

623 1467 684 1495 tur.

242 1524 273 1554 4.
298 1521 374 1559 Quis
397 1519 466 1551 Deo
497 1520 607 1551 laudes
640 1520 716 1550 dare
746 1519 845 1558 possit

625 1566 725 1607 digne,

296 1614 355 1653 Qui
376 1615 461 1653 jam,
486 1621 576 1652 quem
601 1621 671 1643 cum
693 1612 842 1651 principi-

621 1659 678 1690 bus
702 1659 827 1697 locavit,

296 1706 345 1737 De
378 1709 462 1741 terra
484 1706 583 1745 patris
606 1714 718 1745 corpus
747 1706 843 1737 susci-

623 1753 711 1793 tavit,

297 1800 386 1838 Quod
413 1799 503 1831 nobis
529 1799 679 1838 elargitur
701 1801 765 1830 tam
791 1799 842 1830 be-

621 1846 723 1885 nigne.

240 1904 269 1935 5.
297 1902 449 1941 Antist-es,
475 1901 575 1933 clerus
602 1903 633 1932 et
656 1901 803 1941 religiosi,

297 1948 478 1980 Florentiae
502 1950 625 1987 potesta
650 1950 681 1979 et
710 1949 842 1987 priores,

293 1995 437 2028 Laudate
460 1995 571 2034 Deum,
604 1997 711 2034 gentes
736 1998 768 2026 et
794 2003 842 2025 re-

622 2044 734 2081 atores,

294 2090 355 2121 Pro
379 2088 527 2120 membris
549 2088 621 2120 latis
637 2088 736 2128 patris
753 2096 842 2128 gene-

621 2144 694 2167 12051.

414 2209 457 2236 Ac]
477 2209 654 2244 Magnificat.

228 2268 269 2302 A.
295 2267 320 2299 O
345 2266 426 2298 bone
448 2268 565 2307 pastor,

341 2312 479 2353 prudens
502 2315 532 2344 et
560 2313 675 2354 fidelis,

969 479 1085 512 Zenobi
1109 480 1225 518 sancte,

1018 527 1110 557 decus
1135 526 1344 564 sacerdotum,

970 572 1195 605 Translationis

1013 621 1087 650 tuae
1109 626 1192 649 nuno
1216 618 1358 650 devotum

973 664 1116 697 Colentes
1141 663 1253 695 festum

1013 713 1143 750 protege,
1168 711 1208 742 de
1232 710 1335 750 caelis,

970 757 1019 789 Ne
1043 757 1162 789 baratri
1185 765 1240 788 nos

1013 806 1102 835 voret
1124 812 1207 835 mors
1233 803 1376 835 crudelis.

1034 904 1094 936 Ad
1118 905 1378 937 Matutinum.

1103 978 1314 1005 Invitatorium.

970 1035 1100 1068 Zenobii
1124 1034 1280 1074 pontificis

1016 1082 1193 1114 Translatio
1219 1082 1347 1121 colatur,

973 1128 1011 1160 111
1036 1137 1097 1167 qua
1122 1128 1227 1159 divina
1252 1128 1380 1159 canticis

1015 1175 1166 1214 Majestas
1190 1175 1361 1208 attollatur.

1037 1286 1080 1317 In
1107 1285 1136 1318 1.
1163 1284 1219 1316 No
1230 1287 1382 1317 oturno.

1115 1358 1306 1394 Antiphonae.

917 1416 948 1448 1.
972 1416 1010 1449 In
1034 1425 1089 1447 suo
1113 1424 1201 1446 suum
1225 1418 1365 1454 tempore

1011 1462 1099 1494 Dans
1124 1461 1260 1493 fructum
1283 1461 1333 1493 vir
1357 1462 1476 1502 beatus,

966 1509 1014 1540 De
1037 1511 1123 1540 terra
1146 1511 1246 1540 tracto
1273 1517 1403 1548 corpore

1010 1555 1070 1587 Est
1093 1555 1187 1587 hodie
1211 1555 1390 1588 translatus.

910 1613 941 1644 2.
966 1611 1169 1643 Transfertur
1194 1619 1305 1650 corpus
1330 1612 1495 1653 praesulis,

1014 1659 1072 1696 Qui
1095 1658 1195 1689 Deum
1221 1660 1268 1689 est
1291 1660 1424 1697 secutus,

967 1706 1014 1737 Re
1038 1705 1238 1744 praedicator
1258 1704 1344 1735 utilis

1013 1751 1063 1783 Ab
1091 1760 1125 1782 eo
1152 1751 1346 1783 constitutus.

909 1809 939 1840 3.
966 1809 1003 1840 In
1027 1807 1094 1839 Deo
1116 1807 1243 1846 praesul
1267 1806 1376 1846 vigilat

1011 1854 1049 1885 In
1073 1857 1159 1885 terra
1182 1855 1355 1893 soporatus,

965 1900 1121 1932 Mirandis
1146 1900 1242 1939 signis
1266 1899 1376 1931 rutilat

1013 1946 1198 1978 Solemniter
1221 1947 1400 1980 translatus.

1104 2020 1307 2056 Responsoria.

909 2079 939 2111 1.
967 2078 1139 2110 concurrat
1162 2077 1237 2109 urbs
1262 2077 1424 2111 Florentia

967 2123 1060 2156 Nune
1082 2124 1124 2156 ad
1149 2125 1289 2157 secunda
1310 2124 1423 2159 funera

1011 2170 1066 2202 Sui
1091 2171 1302 2213 dominatoris,

966 2218 1084 2250 Laudis
1107 2217 1175 2250 Deo
1204 2219 1346 2252 decentia

966 2265 1002 2297 In
1026 2264 1085 2296 hoc
1111 2265 1163 2296 det
1187 2264 1266 2298 festo
1291 2275 1421 2299 munera

1009 2311 1138 2344 Zenobii
1161 2314 1306 2353 pastoria
