1679 2491
729 92 977 126 —121—

419 184 624 220 Respousoria.

223 240 253 272 1.
279 239 316 271 In
339 248 459 272 summa
483 242 569 274 vehit
591 243 735 282 spiritum

327 285 483 318 Orationis
508 288 576 328 alis,

279 331 443 363 Fervescit
465 333 498 364 in
524 334 692 366 contuitum

326 377 506 417 Adspectus
531 379 664 419 facialis⁷

280 423 437 456 Devotum
461 423 596 456 fundens
620 425 766 464 gemitum

324 470 387 502 Pro
410 471 587 502 retractivis
610 471 719 511 malis3

214 516 252 548 V.
277 515 331 548 Sic
354 517 450 548 sentit
473 525 526 549 cor
549 517 737 560 imbibitum,

281 562 327 594 Ut
351 571 420 594 cum
443 563 530 594 venit
553 563 593 595 ad
619 563 787 604 redditum,

331 608 400 640 Nec
422 612 514 648 paret
537 610 698 642 sensualis,

224 675 256 706 2.
282 673 404 705 Invicta
426 674 580 712 patientia

331 719 446 751 Christi
471 723 572 752 armat·
594 721 743 752 athletam

283 766 485 805 Contemptus
510 769 541 797 et
563 766 733 807 opprobria

327 811 466 843 Mentem
490 821 564 845 vere
589 814 734 853 quietam,

282 857 400 889 Rerum
425 867 546 898 quoque
572 859 738 898 dispendia

328 904 468 936 Probent
490 913 569 944 pace
592 906 755 944 repletam,

219 951 257 982 V.
283 950 381 990 Μοιέ,
407 951 547 990 lanquor,
573 951 630 991 vis,
655 950 781 983 fallacia

283 996 351 1027 Nec
374 997 502 1028 tristant
527 1005 666 1036 quaeque
689 998 793 1029 tristia

329 1042 474 1073 Animam
499 1051 622 1082 semper
645 1044 768 1075 laetam.

224 1108 260 1139 3.
283 1106 368 1138 Dum
391 1107 532 1146 moritur,
559 1107 682 1148 conjugi
706 1108 832 1140 stelleus

330 1153 489 1192 Apparuit

382 1200 504 1230 dicens:
532 1207 633 1230 comes
658 1199 767 1230 beatus

289 1243 447 1276 Contritus
454 1248 563 1284 estper
568 1245 832 1285 mortemlaqueus

333 1289 377 1322 Et
400 1291 531 1330 quilibet

380 1339 520 1368 nostrum
544 1339 593 1368 est
614 1336 776 1369 liberatus.

286 1382 376 1414 Tunc
398 1383 512 1414 claruit
534 1381 635 1414 factus
660 1383 822 1415 aethereus

332 1428 496 1461 Miraculis

379 1475 412 1506 in
429 1475 546 1514 Aptam
569 1477 643 1514 post
664 1474 834 1506 translatus

220 1520 259 1552 V.
285 1520 421 1553 Infirmis
445 1520 483 1553 fit
505 1522 614 1553 salutis
638 1521 765 1553 nucleus

285 1565 485 1606 Afflictisque
508 1571 675 1607 protegens
701 1568 819 1607 clipeus

332 1613 484 1646 Devotius

379 1660 419 1692 ab
444 1660 490 1691 eis
512 1660 685 1693 invocatus.

381 1787 426 1818 In
451 1786 678 1820 Laudibus.

430 1854 623 1891 Antiphonae.

228 1911 260 1944 1.
286 1911 489 1943 Praecinctus
510 1912 665 1951 pudicitia

283 1957 386 1997 Supra
410 1959 512 1990 carnis
536 1958 682 1990 incendia.

330 2004 376 2037 Ut
401 2005 541 2037 dominus
566 2003 719 2044 regnavit,

283 2050 438 2083 Decorem
460 2052 573 2083 mentis
597 2051 739 2091 induens,

284 2097 515 2130 Fortitudinem
541 2098 677 2130 vestiens

332 2146 453 2185 Corpus
477 2148 583 2177 terrae
605 2143 753 2177 firmavit.

227 2213 259 2246 2.
286 2211 401 2243 Servus
425 2210 486 2242 Dei
509 2209 632 2242 laetitia

290 2257 443 2290 Glarescit
467 2257 509 2288 ad
535 2256 669 2289 convitia

332 2304 369 2335 In
395 2303 612 2340 exsultatione.

948 185 1096 217 Divinum
1118 184 1216 215 intrat
1239 186 1354 216 atrium

950 232 987 262 In
1011 230 1133 269 hymnis
1159 229 1369 261 confitentium

993 276 1112 307 Laudis
1138 275 1372 310 confessionem,

915 365 922 373 .
949 340 1001 372 Sic
1024 348 1119 380 super
1142 342 1274 372 stratum
1297 341 1458 379 proprium

948 387 1070 418 Memor
1095 389 1143 417 est
1165 395 1223 425 per
1247 386 1382 417 cilicium

997 432 1114 464 Christi
1138 433 1215 466 Jesu
1237 433 1409 472 plagarum,

947 479 986 510 In
1011 487 1101 517 quem
1125 479 1224 510 sitivit
1247 479 1349 509 anima

948 524 993 555 Et
1017 533 1087 557 caro
1111 525 1172 556 sibi
1194 525 1338 563 proxima

994 570 1081 602 Luce
1104 571 1288 611 vigiliarum.

917 657 924 664 .
950 635 1085 674 Patrem,
1110 635 1218 674 filium,
1244 635 1388 674 spiritum

950 681 1011 713 Per
1036 690 1164 720 operum
1190 682 1352 713 circuitum

997 726 1126 767 Semper
1150 727 1379 766 benedicamus,

950 772 1057 805 Sancti
1083 776 1114 804 et
1139 774 1233 804 corde
1254 773 1380 803 humilis

951 819 1025 851 Cum
1051 820 1195 851 laudibus
1222 821 1252 850 et
1272 819 1381 857 jubilis

997 865 1158 905 Magnalia
1182 873 1337 897 canamus.

919 953 926 960 .
950 930 1070 961 Terrae
1091 938 1181 970 reges
1207 934 1237 961 et
1259 929 1430 968 principes,

950 976 994 1007 Et
1014 976 1145 1014 ,iuvenes
1170 979 1202 1006 et
1226 975 1370 1015 virgines,

999 1021 1084 1052 Coeli
1106 1022 1235 1053 laudate
1256 1021 1368 1061 Deum,

953 1067 1122 1105 Sequentes
1145 1067 1315 1106 Elearium‚

953 1113 1034 1145 Nam
1057 1121 1113 1144 rex
1138 1117 1169 1144 et
1190 1114 1337 1152 princeps
1364 1112 1500 1143 omnium

998 1159 1050 1190 Ad
1076 1160 1194 1190 coelum
1218 1159 1305 1190 vexit
1329 1166 1406 1190 eum.

1069 1245 1111 1272 Ad
1132 1245 1313 1271 Benedictus.

921 1326 927 1333 .
952 1302 1099 1333 Exsultet
1121 1302 1208 1340 Apta
1233 1300 1351 1341 civitas,

955 1349 1050 1387 Quam
1077 1349 1208 1378 exornat
1230 1346 1433 1385 praeclaritas

1000 1393 1152 1424 Felicium
1176 1392 1394 1432 membrorum,

955 1441 1117 1478 Tantoque
1141 1438 1306 1478 privilegio

956 1487 1003 1517 Tu
1030 1485 1136 1516 dotata
1159 1484 1268 1524 religio

1000 1531 1162 1564 Ecclesiae
1185 1531 1353 1569 Mincium,

954 1579 992 1610 111
1014 1580 1048 1609 te
1070 1580 1143 1608 sunt
1165 1585 1235 1608 ossa
1260 1576 1395 1616 condita,

957 1624 1073 1663 Quibus
1098 1623 1199 1663 aegris
1225 1625 1272 1655 est
1295 1622 1422 1655 reddita.

1003 1670 1175 1709 completio
1197 1673 1349 1701 votorum.

955 1718 1008 1749 Ad
1031 1720 1072 1757 te,
1100 1714 1260 1747 confessor
1283 1715 1408 1755 optime,

958 1764 1102 1796 Clamant
1124 1762 1306 1800 languentes
1329 1761 1451 1793 animae

1003 1810 1065 1842 Pro
1087 1809 1179 1840 venia
1202 1807 1363 1840 malorum.

1028 1938 1073 1970 In
1099 1939 1129 1969 2.
1157 1937 1370 1976 Vesperis.

1099 2006 1292 2042 Antiphonae.

925 2090 933 2099 .
957 2066 1008 2097 Ex
1029 2067 1118 2096 utero
1143 2062 1334 2103 principium

958 2112 1003 2144 Et
1026 2110 1148 2151 generis
1172 2110 1295 2141 initium

1004 2158 1136 2190 Sumens
1158 2156 1258 2195 stirpe
1283 2155 1447 2195 clarorum,

960 2205 1021 2236 Die
1044 2203 1169 2235 virtutis
1194 2202 1315 2241 claruit,

959 2250 1044 2282 Hinc
1068 2249 1177 2281 satiari
1199 2248 1314 2284 meruit

1007 2294 1232 2335 splendoribus
1256 2297 1443 2326 sanctorum.
