1674 2492
212 185 280 217 Jam
306 194 432 217 securus

257 232 290 263 in
314 234 398 264 statu
420 232 552 272 patriae,

211 277 305 309 Salva
330 282 401 309 tuae

256 324 426 363 gaudentes
450 325 577 364 gloriae.

276 434 339 465 Ad
362 434 624 466 Matutinum.

344 502 556 530 Invitatorium.

210 556 380 589 Columbae
404 559 554 590 solemnia

255 603 337 635 Colit
360 604 449 643 plebs
469 604 582 645 fidelis,

208 649 272 680 Par
294 650 328 680 in
352 652 437 681 terra
460 650 559 689 gloria

253 695 321 726 Deo
346 696 388 726 sit
411 696 443 726 in
468 696 571 728 coelis.

268 806 314 836 In
340 806 371 838 1.
396 805 621 837 Nocturno.

349 873 542 908 Antiphonae.

173 953 179 960 .
204 927 298 959 Felix
321 931 407 960 terra
432 930 530 961 edidit

251 974 395 1006 Salutare
419 975 546 1015 lignum,

206 1019 399 1060 Columbam,
425 1022 477 1059 qui
500 1021 641 1053 reddidit

250 1066 399 1097 Fructum
424 1066 491 1098 Deo
516 1067 651 1107 dignum.

174 1145 180 1151 .
205 1121 245 1153 In
266 1122 378 1153 timore
400 1121 533 1154 Domino

252 1166 378 1198 studuit
401 1169 520 1199 servire

203 1212 400 1245 Praecavens
422 1214 456 1244 in
480 1215 612 1246 termino

249 1258 340 1290 Diem
365 1260 467 1298 gravis
491 1261 568 1292 irae.

171 1337 178 1344 .
205 1312 398 1353 Columbam,
424 1322 492 1345 eum
517 1319 663 1355 gemeret,

248 1360 386 1399 Angelus
409 1359 526 1399 invisit,

200 1405 231 1436 A
256 1414 289 1436 se
314 1406 464 1445 quidquid
489 1409 620 1445 peteret,

249 1451 402 1482 Daturum
427 1452 581 1490 promisit.

340 1533 542 1569 Responsoria.

167 1614 174 1621 .
199 1590 294 1622 Felix
317 1589 471 1622 Hibernia

248 1635 427 1668 Columbam
451 1637 566 1676 genuit,

199 1682 257 1720 Qui
283 1683 322 1714 de
345 1683 494 1721 prosapia

244 1729 356 1768 Regali
381 1730 493 1761 claruit

200 1775 265 1808 Sed
287 1783 408 1806 morum
432 1776 532 1814 gratia

243 1820 348 1861 Magis
372 1821 492 1853 enituit.

149 1867 168 1898 ⁷.
194 1868 225 1899 A
249 1867 385 1906 pueritia

242 1913 310 1944 Deo
335 1921 369 1943 se
392 1912 548 1952 praebuit,

198 1960 308 1994 Carnis
332 1959 487 1991 munditia

238 2005 419 2045 Mentisque
441 2004 556 2037 floruit.

162 2088 169 2096 .
194 2061 248 2094 Illi
273 2063 379 2094 datum
404 2061 549 2101 primitus

242 2108 364 2140 Nomen
390 2110 438 2139 est
460 2107 632 2147 vulpinum,

195 2155 258 2187 Sed
282 2157 434 2186 mutatum
459 2154 587 2186 coelitus

237 2201 299 2233 Est
319 2201 352 2233 in
379 2201 595 2241 columbinum,

195 2248 417 2288 Comprobavit
442 2248 542 2279 exitus

239 2295 309 2330 Hoc
334 2304 400 2326 esse
424 2294 573 2327 divinum.

764 93 901 128 99—-

812 189 850 220 V.
876 187 963 220 Sicut
985 196 1096 220 nomen
1119 188 1255 227 Bai-jona

925 234 1051 265 Transit
1074 235 1106 265 in
1131 233 1294 273 petrinum,

878 280 975 312 Jacob
999 288 1057 319 per
1079 280 1247 311 luctamina

921 325 1043 357 Nomen
1065 325 1159 358 habet
1181 326 1297 359 binum.

820 399 851 431 3.
874 400 924 431 De
949 399 1097 431 Columba
1119 399 1269 431 Dominus

921 445 1042 484 Angelo
1066 445 1234 484 mandavit,

877 491 935 530 Qui
958 491 990 521 in
1015 491 1073 522 viis
1098 492 1238 522 omnibus

924 536 1004 567 Eum
1029 537 1233 574 conservavit,

880 582 973 620 Cujus
998 580 1094 614 fultus
1120 583 1235 614 viribus

921 627 1096 659 Draconem
1122 629 1262 662 calcavit.

811 673 849 705 V.
873 674 956 705 Axal
983 674 1082 705 dictus
1107 676 1233 713 angelus

919 723 1060 750 sanctum
1084 719 1279 758 confortavit,

874 765 977 803 Ipsius
1003 764 1158 804 obsequiis

922 810 1027 841 datum
1050 819 1085 841 se
1108 812 1302 845 monstravit.

939 939 985 969 In
1011 939 1041 970 2.
1067 939 1289 971 Nocturno.

1014 1010 1205 1046 Antiphonae.

817 1071 845 1102 1.
871 1071 1030 1102 Dilatatur
1055 1071 1141 1102 varia

921 1117 1136 1148 Tribulatione

873 1163 966 1194 Velut
989 1163 1057 1195 auri
1081 1163 1179 1202 gloria

918 1208 1036 1240 Crebra
1058 1209 1210 1240 tunsione.

814 1283 844 1313 2.
870 1282 964 1313 Mane
990 1283 1112 1314 domum
1136 1281 1262 1313 Domini

919 1327 1050 1358 Sanctus
1074 1328 1214 1359 introivit

870 1374 914 1405 Et
938 1374 1063 1404 coelesti
1087 1373 1203 1404 numini

916 1419 1037 1451 Devote
1059 1419 1197 1451 servivit.

814 1494 844 1526 3.
872 1493 1051 1525 Columbam
1075 1502 1132 1531 per
1156 1493 1299 1533 angelum

915 1539 1001 1570 Deus
1026 1539 1174 1578 visitavit,

868 1585 1060 1617 Minoratum
1083 1585 1241 1624 paululum

917 1631 1009 1663 Coelo
1035 1632 1202 1663 coronavit.

1008 1722 1092 1757 Resp‹
1098 1723 1211 1749 ›moi-ia.

812 1785 842 1817 1.
867 1784 943 1816 Tria
965 1786 1073 1815 sancto

916 1830 1030 1860 dantur
1052 1830 1203 1869 insignia:

867 1876 1037 1914 virginalis

912 1921 1043 1961 pudoris
1067 1921 1176 1960 gloria,

865 1967 1101 2000 Praedicandae

912 2013 1157 2053 salutis-gratia,

867 2060 1023 2092 Visitandi

913 2108 982 2138 loca
1007 2106 1164 2140 distantia.

802 2153 839 2185 V.
864 2153 973 2192 Magni
997 2153 1087 2184 Pauli

911 2208 1042 2239 sequens
1066 2199 1198 2240 vestigia

865 2246 961 2279 Plura
984 2249 1088 2277 terrae

909 2293 1054 2325 lustravit
1077 2294 1190 2333 spatia.

1200 2347 1241 2376 72<
