1656 2491
742 81 971 114 ,10-

249 178 278 209 9,
306 175 418 207 Christi
443 175 557 206 nomini
581 173 725 205 formavit
885 172 937 204 10.
963 173 1074 204 Preces
1098 167 1195 200 funde
1220 167 1336 198 cunctis
1361 166 1446 198 horis

308 221 459 259 Oraclum,
484 219 572 259 plebs
597 227 655 258 quo
679 217 794 249 locavit
965 215 1116 249 Genitrici
1140 213 1304 245 salvatoris

350 266 450 298 Valde
474 274 582 303 corpus
606 264 709 296 nobile
1010 261 1074 299 Quo
1098 268 1213 299 poenas
1237 258 1370 297 sumpsit
1387 257 1492 296 duras,

301 311 492 343 Confessoris
517 310 665 349 Lebuini3
963 307 1099 340 Crimina
1123 306 1206 344 quod
1229 305 1321 335 tollat
1342 312 1435 335 verus

304 357 369 388 Nos
393 357 544 387 conducas
568 358 652 386 recto
676 353 741 393 fini,
965 353 1148 390 Plasmator‚
1173 350 1297 383 validus
1321 351 1414 381 herus

336 402 403 433 Rex
425 402 535 440 plenus
561 399 732 430 dulcedine.
1008 398 1163 437 Disponat
1185 399 1303 427 mentes
1327 405 1422 436 puras
1435 393 1473 438 1).

315 463 423 497 Hiezu
460 461 534 504 fuge
573 462 627 495 die
661 461 897 495 Darmstadter
933 459 1153 495 Handschrift
1187 459 1346 500 folgende
1379 458 1491 493 Note:

221 518 345 551 Fertur
370 518 412 551 (16
434 516 641 559 praescripta
664 516 850 559 sequentia,
876 516 966 557 quod
991 524 1066 548 cum
1083 515 1163 549 olim
1181 514 1318 558 quidam
1337 515 1492 557 egregius

221 573 322 614 poeta
351 571 570 605 Daventriam
608 579 687 604 casu
722 570 886 610 venisset,
930 572 965 603 et
1000 569 1150 603 canonici
1188 569 1333 610 ibidem,
1374 570 1415 603 ut
1443 568 1492 603 eis

221 626 431 669 sequentiam
449 626 491 659 de
509 627 622 660 sancto
641 624 804 666 Lebuino,
831 635 948 660 eorum
964 626 1116 669 patrono,
1140 625 1293 662 dictaret,
1311 626 1353 659 ab
1371 625 1492 658 eodem

221 681 322 724 poeta
346 680 526 724 petissent,
559 681 632 724 ipse
656 683 758 723 poeta
782 680 824 714 ab
849 680 976 714 eisdem
1002 679 1170 714 canonicis
1196 680 1373 723 quaesivit,
1400 678 1493 722 quali

221 736 319 775 stilo,
352 736 525 775 rigmatico
559 734 717 769 videlicet
748 744 791 768 an
822 734 962 769 metrico
996 743 1070 767 eam
1103 733 1228 768 habere
1261 734 1398 768 vellent.
1445 733 1493 768 Et

222 799 297 824 cum
324 790 381 823 alii
405 790 623 831 iimiiaticam,
650 790 705 823 alii
730 790 904 823 metricam
928 789 1208 832 praeelegissent,
1233 788 1427 832 respondit,
1456 797 1494 824 se

221 847 402 888 utrumque
424 854 558 878 servare
581 844 679 878 velle.
731 844 827 885 Quod
853 845 887 878 et
910 843 999 884 fecit,
1024 845 1105 887 quia
1127 844 1338 887 sequentiam
1361 844 1450 879 hanc
1472 854 1493 878 a

221 899 331 943 capite
354 900 509 933 deorsum
532 899 742 942 rigmaticam
766 901 803 932 et
826 909 846 933 a
868 900 978 934 cauda
996 908 1131 933 sursum
1145 898 1322 933 metricam
1338 897 1428 941 fecit,
1452 901 1493 934 ut

221 955 318 997 patet
342 954 520 996 diligenter
543 954 698 988 intuenti.
747 953 794 989 Et
817 956 916 995 nota,
950 955 1073 995 lector,
1099 954 1189 998 quod
1210 954 1350 989 ultimus
1374 964 1492 990 versus

221 1009 434 1051 pentameter
458 1005 510 1043 est
533 1009 581 1042 sic
603 1009 746 1050 legendo
772 1010 934 1043 eundem:

512 1064 609 1096 Puras
633 1067 750 1095 mentes
776 1065 921 1103 disponat
945 1065 1037 1095 herus
1061 1064 1193 1096 validus.

224 1116 334 1151 Ceteri
359 1126 490 1152 &sursum
516 1118 724 1152 ascendendo
749 1120 829 1152 sunt
850 1118 1047 1158 hexametri,
1074 1120 1175 1161 prout
1198 1128 1324 1161 parvae
1340 1119 1492 1162 virgulae

222 1171 380 1206 indicant.
429 1171 529 1206 Unde
554 1181 685 1207 versus:

388 1228 420 1260 Si
443 1228 519 1267 legis
544 1237 562 1258 a
587 1230 696 1267 capite,
724 1232 798 1259 tunc
820 1229 882 1260 ista
904 1229 1063 1267 sequentia
1086 1229 1212 1267 rigmus,

390 1275 418 1304 A
443 1274 541 1305 cauda
564 1283 684 1304 sursum
709 1275 735 1305 si
759 1273 881 1314 legeris,
908 1276 955 1304 est
977 1274 1059 1305 bona
1082 1277 1190 1306 metra.

389 1322 521 1355 Quorum
546 1319 678 1358 quinque
701 1320 816 1358 pedum
838 1321 1038 1360 postremum,
1065 1324 1168 1351 cetera
1191 1329 1246 1351 sex
1270 1325 1359 1360 sunt;

388 1363 479 1404 Hinc,
505 1364 555 1402 qui
581 1365 751 1402 composuit
772 1365 863 1404 hanc,
885 1365 954 1403 jure
978 1367 1071 1404 poeta
1091 1368 1229 1399 vocatur.

314 1415 378 1449 Die
401 1425 525 1459 parvae
548 1417 714 1460 virgulae,
749 1426 815 1452 von
839 1419 949 1453 (lenen
975 1418 1029 1453 (lie
1054 1418 1142 1453 Note
1166 1420 1277 1461 redet,
1311 1423 1434 1463 m'ogen
1456 1423 1495 1456 in

225 1470 284 1504 der
307 1470 452 1510 Vorlage
477 1472 537 1505 der
562 1471 705 1514 Camper
728 1472 871 1507 M'onche
895 1474 1080 1513 gestanden
1103 1475 1225 1516 haben,
1250 1475 1285 1508 in
1308 1476 1400 1509 ihrer
1424 1477 1491 1512 Ab·

224 1523 343 1558 schrift
366 1525 483 1559 stehen
507 1526 557 1560 sie
579 1527 679 1560 nicht.
727 1526 808 1561 Was
834 1528 888 1562 die
913 1527 1017 1562 Verse
1041 1529 1146 1564 selbst
1166 1529 1304 1571 betrifft,
1330 1540 1366 1565 so
1391 1532 1437 1565 ist
1455 1532 1494 1576 J'a

224 1577 415 1619 zweifellos‚
447 1579 517 1614 dass
542 1580 596 1614 (116
619 1581 811 1624 Rhythmen
835 1583 945 1616 dieser
969 1582 1122 1625 Sequenz
1146 1584 1270 1618 keinen
1292 1585 1400 1620 Adam
1424 1596 1494 1622 von

225 1632 332 1667 Sankt
352 1634 488 1670 Viktor,
526 1634 579 1669 die
601 1635 804 1670 Hexameter
827 1637 952 1679 gerade
975 1638 1100 1672 keinen
1125 1637 1211 1673 Ovid
1235 1643 1404 1682 verraten,
1431 1643 1493 1676 wie

223 1688 325 1722 schon
367 1689 426 1722 der
464 1690 611 1724 casui-los
647 1699 690 1723 an
727 1691 787 1725 der
822 1690 936 1735 Spitze
971 1693 1242 1729 marschierende
1276 1694 1493 1732 Pentameter

224 1752 405 1785 genugsam
422 1743 616 1787 insinuiert;
643 1745 745 1779 allein
762 1755 859 1780 wenn
874 1747 954 1781 kein
971 1747 1184 1790 Kunstwerk,
1211 1750 1265 1783 ein
1282 1750 1494 1788 Kunststi'ick

223 1798 330 1832 bleibt
354 1798 409 1833 die
433 1798 586 1842 Sequenz
610 1799 733 1844 gewiss,
759 1800 814 1834 die
836 1811 856 1835 a
880 1803 987 1836 cauda
1008 1803 1145 1844 gelesen
1167 1804 1237 1839 also
1262 1805 1387 1840 lautet:

444 1855 542 1886 Puras
561 1859 679 1886 mentes
705 1857 850 1895 disponat
870 1858 965 1889 herus
986 1858 1118 1898 validus,

443 1900 616 1932 Plasmator
639 1910 739 1940 verus,
765 1903 855 1934 tollat
879 1904 961 1942 quod
986 1904 1124 1945 crimina,
1152 1906 1244 1938 duras

445 1944 580 1984 Sumpsit
604 1955 729 1986 poenas,
756 1957 814 1987 quo
839 1950 1001 1981 salvatoris
1026 1951 1175 1989 genetrici

443 1990 537 2022 Horis
563 1992 679 2023 cunctis
703 1992 799 2025 funde
822 2003 941 2033 preceS.
989 1995 1163 2028 Dulcedine
1187 1999 1296 2036 plenus

443 2035 510 2067 Rex
533 2036 588 2068 fini
612 2043 695 2069 recto
721 2039 874 2072 conducat
897 2050 961 2074 nos.
1010 2041 1142 2074 Lebuini

445 2081 636 2115 Confessoris
656 2084 762 2116 nobile
785 2093 896 2125 corpus
919 2088 1013 2119 valde
1035 2088 1151 2120 locavit

297 2168 319 2204 ¹)
336 2169 485 2199 Lesarten:
502 2171 527 2207 3,
541 2171 561 2199 4
574 2172 613 2201 cis
627 2172 721 2202 Yllam
733 2174 816 2210 (sicl),
831 2175 965 2205 Kehrein.
982 2191 1012 2200 -ν
1029 2176 1053 2213 6,
1070 2178 1083 2205 1
1099 2179 1142 2207 vir
1155 2182 1295 2217 censatus,
1310 2182 1446 2213 Kehrein.
1458 2201 1495 2206 -

224 2218 253 2251 6,
279 2217 299 2245 4
323 2216 497 2253 Diffitentes,
522 2217 657 2248 Kehrein.
685 2235 721 2239 —
747 2221 779 2255 9,
808 2221 825 2249 2
850 2222 1003 2253 Oraculum
1021 2223 1149 2254 Kehrein
1168 2236 1195 2255 u.
1217 2227 1284 2256 Cod.
1305 2229 1439 2268 Campen.
1459 2248 1496 2253 ——

225 2261 266 2298 10,
287 2261 304 2291 3
326 2262 379 2298 Qui
397 2271 506 2300 poenas
525 2266 652 2302 sumpsit,
674 2266 807 2304 Campen.
829 2284 865 2288 —
887 2268 929 2304 10,
949 2269 968 2298 4
988 2270 1168 2308 Criminaque
1188 2274 1278 2311 tollat,
1300 2276 1434 2314 campen.
