1679 2491
720 107 764 111 —
814 89 875 122 161

627 178 665 208 61.
703 178 746 208 De
766 179 870 209 saneto
892 177 1065 209 Guillermo.

344 244 387 275 In
415 245 444 278 1.
471 246 681 286 vesperis.

392 303 436 331 At]
455 304 630 340 Magnificat.

218 357 248 388 1.
276 356 300 387 O
327 356 419 387 decus
444 356 634 394 Britanniae,

320 401 449 433 Praesta
472 402 658 442 Briocensis‚

274 447 452 487 Guillerme,
479 448 530 488 qui
554 449 671 488 gloriae

321 495 471 526 Praemiis
494 495 651 526 immensis

274 540 410 580 Gaudes,
435 541 525 572 nobis
549 541 668 579 gratiae

320 586 468 618 Precibus
493 587 640 625 impensis

273 632 336 664 Fer
360 641 449 671 opem
476 636 507 664 ot
530 634 638 665 veniae

318 679 380 711 Pro
405 680 519 710 nostris
545 679 676 711 offensis.

342 772 369 801 A
383 771 401 802 d
426 771 683 802 Matutinum.

404 830 615 857 Invitatorium,

272 882 388 921 Regem
413 889 519 921 regum
543 881 636 912 hodie

317 928 460 959 Adorent
482 936 586 958 onmes
610 927 727 967 populi,

273 975 331 1012 Qui
357 983 497 1005 coronam
524 974 642 1012 gloriae

317 1020 416 1052 Dedit
440 1019 610 1051 Guillermo
634 1020 782 1058 praesuli.

333 1111 378 1143 In
405 1114 434 1145 1.
463 1112 685 1143 Nocturno.

414 1171 605 1206 Antiphonae.

239 1247 246 1255 .
274 1222 387 1254 Beatus
416 1223 474 1264 vir,
499 1223 551 1262 qui
575 1223 662 1261 sequi
685 1223 784 1253 noluit

318 1269 487 1301 Consilium
512 1269 677 1307 impi01um

270 1315 338 1346 Nee
360 1315 511 1353 impulsus
534 1315 651 1347 moveri
675 1315 776 1353 potuit

317 1362 346 1393 A
371 1361 481 1392 semita
505 1361 729 1392 mandatorum.

238 1443 244 1450 .
271 1416 371 1456 Super
396 1419 530 1447 montem
555 1416 681 1447 Domini

316 1463 388 1494 Sion
413 1471 468 1493 rex
494 1462 629 1501 effectus,

268 1508 334 1540 Deo
360 1513 408 1539 est
432 1512 464 1539 et
487 1509 603 1541 homini

313 1555 444 1587 Placens
470 1558 499 1586 et
525 1555 666 1586 dilectus.

235 1636 242 1642 .
268 1611 304 1642 In
330 1620 428 1650 agone
451 1612 639 1642 salvatorem

312 1658 412 1689 Deum
434 1657 600 1696 invocavit,

266 1705 320 1736 Sic
342 1712 386 1745 se,
410 1704 560 1735 mundum
585 1706 616 1734 et
638 1701 776 1735 furorem

313 1750 418 1782 Hostis
442 1750 612 1788 superavit.

408 1824 609 1857 Responsoria.

235 1907 240 1912 .
268 1880 458 1912 Guiuermus
483 1879 607 1910 humilis

312 1925 480 1960 Confessor
504 1925 639 1964 Domini,

267 1974 394 2006 Praesul
419 1972 562 2005 amabilis

309 2021 377 2052 Deo
403 2022 435 2051 et
456 2018 581 2060 homini,

266 2067 367 2099 Lucro
392 2065 561 2098 laudabilis

309 2113 433 2145 TaIenti
457 2112 581 2152 gemini,

267 2161 363 2192 Prece
386 2161 429 2191 sit
451 2160 537 2191 utilis

310 2207 440 2239 Suorum
465 2206 592 2246 agmini.

196 2255 234 2290 V.
260 2254 344 2287 Huic
366 2254 429 2285 sint
453 2253 548 2285 vieini

309 2310 403 2341 super
428 2303 514 2333 astra
537 2300 585 2331 sui
609 2297 776 2339 peregrini.

252 2362 375 2385 numos,
391 2359 511 2382 Historiae
523 2358 675 2386 rhythmicae.
704 2357 735 2380 11.

883 248 912 278 2.

873 523 910 555 V.

883 635 912 667 3.

877 1489 896 1518 2

875 1692 894 1722 3

877 1973 895 2004 1

939 247 976 278 In
1001 246 1052 277 die
1075 245 1198 277 fervens
1222 254 1316 286 opere

985 293 1041 324 Vir
1065 293 1174 332 plenus
1197 293 1322 331 pietatis

985 339 1157 370 Proventus
1184 339 1342 378 dignitatis

939 385 1053 425 Egenis
1079 384 1265 416 distribuere

940 430 1093 462 studebat
1117 433 1147 461 et
1170 431 1229 462 hoo
1252 439 1343 469 agero

985 476 1061 508 Cum
1085 477 1227 508 manibus
1249 478 1359 509 beatis.

938 522 1045 554 Gloria
1068 523 1217 562 praelatis

985 569 1119 608 dabitur,
1144 569 1195 608 qui
1220 569 1294 601 dant
1310 570 1355 601 ita
1372 570 1480 608 gratis.

940 634 963 666 O
989 642 1079 672 quam
1104 632 1228 664 fervens
1254 636 1283 665 et
1308 635 1445 665 sincerus

984 680 1020 710 In
1046 680 1194 720 oratione,

939 729 1035 763 Quam
1059 726 1208 765 benignus
1234 729 1265 756 et
1289 735 1414 758 severus

983 771 1021 802 In
1047 771 1244 809 correctione,

939 817 1034 855 Quam
1059 817 1161 848 fidelis
1187 820 1218 847 et
1241 826 1332 857 quam
1357 826 1447 850 verus

981 863 1016 895 in
1041 863 1255 902 promissione,

937 909 1030 947 Quam
1057 909 1208 940 discretus
1233 913 1265 940 et
1287 910 1426 941 sincerus

981 955 1062 987 Erat,
1083 955 1116 985 in
1140 964 1291 986 sermone.

933 1001 1003 1032 Tali
1027 1010 1179 1040 personae

982 1047 1025 1077 sit
1047 1048 1115 1079 laus
1137 1048 1242 1078 meriti
1266 1048 1396 1079 ratione.

999 1159 1044 1189 In
1071 1158 1312 1190 2.Noetu1·n
1324 1167 1352 1191 ο.

1079 1226 1252 1261 An‘riphonae

938 1283 1017 1321 Quid
1042 1292 1122 1314 vana
1148 1283 1286 1321 diligitis,

981 1329 1006 1361 O
1030 1328 1087 1360 fiffi
1112 1328 1277 1364 hominum,

939 1375 1008 1407 Non
1033 1376 1086 1414 sio,
1114 1384 1203 1413 quem
1228 1383 1282 1405 vos
1307 1375 1419 1411 colitis,

979 1421 1157 1460 Exquisivit
1179 1420 1354 1454 Dominum.

936 1486 990 1516 Vir
1016 1486 1139 1517 dolosus
1165 1487 1196 1516 et
1218 1485 1369 1524 malignus

980 1531 1050 1563 Non
1074 1533 1137 1563 stat
1161 1534 1232 1563 ante
1256 1532 1365 1571 Deum,

936 1578 997 1610 Sed
1023 1578 1209 1611 Guillerrnus
1234 1578 1283 1608 vir
1307 1577 1456 1617 benignus

981 1624 1214 1663 contemplatur
1239 1633 1317 1656 eum.

934 1689 1092 1721 Gloriatur
1116 1689 1167 1720 hie
1190 1689 1222 1719 in
1248 1688 1341 1720 caelis

977 1735 1020 1767 Et
1045 1736 1161 1766 honore
1185 1735 1305 1775 colitur,

934 1782 1013 1813 Nam
1037 1782 1068 1812 in
1094 1790 1193 1819 pauca
1217 1781 1265 1811 vir
1290 1779 1392 1811 fidelis

979 1828 1081 1866 Supra
1104 1828 1201 1858 multa
1224 1827 1360 1866 ponitur.

1071 1910 1272 1943 Responsoria.

932 1972 994 2003 Hie
1016 1971 1049 2002 vi
1072 1973 1272 2010 tyrannorum

980 2018 1089 2049 Pulsus
1115 2017 1268 2048 exsulavit

932 2064 972 2095 Et
997 2064 1039 2096 ad
1063 2063 1262 2095 Pictavorum

981 2110 1096 2143 Urbem
1123 2110 1300 2151 declinavit,

934 2157 998 2189 Ubi
1021 2157 1251 2189 commissorum

979 2204 1079 2236 Saluti
1104 2204 1233 2240 vacavit,

930 2251 1035 2290 thue
1059 2251 1272 2291 triumphavit,

979 2297 1019 2330 ad
1044 2307 1116 2330 oves
1140 2301 1248 2338 pastor
1269 2298 1429 2330 remeavit.

1277 2351 1310 2381 11
