1656 2491
741 99 968 134 ,42-

420 195 620 228 Rcsponsoria.

250 277 257 284 .
283 255 383 286 Fonte
406 253 502 285 fluens
526 254 596 285 vivo

333 300 428 332 divini
452 302 574 330 sanctus
598 297 720 338 amoriS,

283 345 450 376 Errantum
474 344 568 375 vitam

330 391 410 422 votis
434 389 559 421 sitiebat
582 388 710 427 anhelis,

249 461 256 468 .
283 435 390 467 Gentis
414 434 593 466 barbaricae

329 489 387 519 quo
411 482 538 519 pectora
560 480 643 510 sicca
664 478 788 517 rigaret.

248 571 255 578 .
281 547 401 578 Primus
424 548 458 578 in
481 547 612 578 ecclesia

329 592 429 625 factus
453 593 691 631 metropolitana

280 639 439 670 Pastorale
464 638 555 669 decus

326 684 408 715 subit
431 683 724 723 archipontificatus,

245 756 253 762 .
277 729 322 761 Ut
346 729 531 761 candelabro

327 775 390 806 late
412 776 466 806 lux
490 775 589 813 spirat
613 775 652 806 ab
676 775 750 808 alto.

248 868 253 874 .
280 843 387 875 Visum
412 847 460 875 est
482 845 588 874 sancto
612 843 785 875 Anschario

330 889 483 921 Christum
493 889 658 920 Dominum
669 888 820 928 flagellari

278 935 323 966 Et
346 943 379 965 se
402 935 543 974 opposito
568 935 699 966 verbera

325 981 481 1019 accepisse
504 989 561 1018 pro
584 981 662 1019 ipso.

244 1050 251 1058 .
277 1026 364 1058 Hinc
402 1025 526 1067 didicit,
574 1025 658 1065 quod
694 1026 821 1066 flagella

280 1071 535 1110 exprobrantium
583 1081 643 1110 pro
695 1070 817 1104 Christo

276 1126 432 1157 passurus
456 1119 539 1148 esset.

340 1230 384 1260 111
410 1232 440 1263 3.
466 1229 691 1262 NocturnO.

421 1292 608 1326 Antiphonae.

244 1377 251 1384 .
279 1352 394 1384 Orante
417 1353 449 1383 in
473 1353 586 1391 spiritu

277 1397 374 1429 Beato
396 1398 568 1429 Anschario

278 1443 314 1474 In
338 1442 507 1482 fulguranti
531 1442 610 1475 facie

278 1488 371 1519 Visus
396 1492 444 1519 est
464 1488 615 1520 Dominus

280 1533 370 1565 Jesus
394 1534 544 1567 Christus

245 1628 253 1636 .
278 1602 354 1633 'Mox
377 1603 541 1642 procidens

281 1647 390 1679 Coram
414 1649 546 1680 Domino

279 1693 450 1727 Justificari
473 1695 584 1726 meruit

277 1740 317 1772 Ei
342 1739 525 1771 confitendo.

246 1834 253 1842 .
278 1808 394 1840 Missus
417 1809 450 1840 in
473 1809 603 1840 salutem
628 1809 763 1849 gentium

278 1854 477 1893 Peregrinari
500 1855 656 1894 gaudebat

279 1900 340 1931 Pro
354 1900 476 1932 Christo
495 1902 616 1932 concius
634 1904 818 1933 sanctorum.

417 1991 617 2025 Responsoria.

247 2075 254 2083 .
279 2050 337 2081 Vir
359 2050 469 2083 beatus
493 2060 527 2082 se
550 2050 694 2084 frustrari

326 2097 424 2136 gloria
447 2098 589 2136 martyrii

280 2142 362 2174 Dum
385 2144 513 2182 lugeret,
539 2153 632 2183 super
656 2153 723 2175 eum

325 2187 410 2220 facta
433 2192 481 2221 est
504 2199 563 2221 vox
587 2191 728 2223 Domini:

282 2234 379 2267 Parce
402 2239 495 2274 metu,
520 2245 581 2268 non
605 2240 653 2268 est
677 2237 765 2269 dolus

326 2282 410 2321 apud
434 2290 537 2321 regem
561 2283 685 2323 saeculi,

877 192 918 224 V.
941 191 1098 230 Quidquid
1121 191 1180 222 tibi
1205 191 1396 230 repromittit

989 237 1077 278 visio,
1101 236 1267 276 percipies,

941 283 994 314 Ad
1020 283 1161 322 coeleste,
1186 283 1296 321 inquit,
1322 289 1449 321 regnum

989 327 1064 360 Cum
1089 337 1202 359 corona
1224 328 1339 359 venies.

910 416 917 424 .
943 393 968 424 Ο
993 394 1099 423 sancte
1121 392 1287 430 Anschari,
1314 390 1452 430 quamvis

988 438 1168 476 sanguinem
1191 446 1253 469 non
1278 436 1408 474 fuderis,

941 483 1058 514 Tamen
1082 483 1190 514 bibisti
1215 482 1343 512 calicem

990 528 1162 560 dominicae
1184 527 1349 566 passionis,

906 594 913 602 .
939 573 1027 605 1nte1·
1051 575 1099 603 tot
1122 572 1263 604 fremitus

987 618 1207 657 Barbarorum,

940 665 1027 697 Inter
1049 667 1097 695 tot
1121 663 1300 696 discrimina
1324 664 1416 696 vitae.

908 756 915 762 .
939 728 1043 760 Hodie
1066 727 1351 766 Nordalbingorum

986 773 1137 815 pontifex,
1162 773 1364 813 Auscharius,

942 820 1074 861 Christe,
1100 820 1161 850 tuis
1186 819 1337 859 gloriatur

986 864 1287 904 repromissionibus,

939 913 977 943 In
1001 914 1177 943 sanctorum
1201 911 1399 949 sempiternis

984 956 1179 995 triumphans
1202 957 1431 995 splendoribus.

903 1028 911 1036 .
939 1003 1088 1041 Gorbejae
1113 1003 1198 1042 civis,

984 1048 1101 1088 primas
1124 1049 1158 1079 in
1181 1048 1294 1080 finibus
1319 1048 1413 1086 orbis,

941 1093 1064 1126 Coelica
1086 1103 1182 1133 regna
1205 1096 1299 1124 tenet.

1049 1213 1078 1243 A
1090 1213 1109 1243 d
1133 1212 1160 1244 L
1169 1222 1188 1243 a
1195 1221 1216 1242 u
1227 1213 1246 1243 d
1256 1221 1273 1243 e
1282 1222 1307 1244 s.

1081 1276 1271 1311 Antiphonae.

906 1365 912 1371 .
939 1341 1069 1372 Sanctus
1094 1341 1197 1372 adhuc
1219 1341 1327 1372 mortis

985 1386 1106 1426 spirans
1130 1387 1163 1417 in
1187 1395 1284 1425 agone
1308 1395 1450 1426 supremo

939 1432 999 1464 Cor
1022 1432 1187 1471 oculosque
1210 1432 1278 1470 pios

983 1478 1069 1509 levat
1090 1478 1132 1509 ad
1155 1477 1320 1509 Dominum
1343 1479 1480 1518 pietatis.

907 1565 914 1573 .
940 1541 1087 1581 Mysterii
1109 1542 1173 1572 vivi

986 1596 1108 1618 sumens
1135 1587 1290 1626 placabile
1313 1588 1424 1628 pignus

939 1633 1001 1664 Per
1025 1633 1142 1666 Christi
1166 1633 1293 1665 calicem

984 1682 1105 1718 patrem
1125 1682 1214 1719 rogat
1230 1680 1481 1719 omnipotentem.

906 1767 913 1775 .
939 1743 989 1775 Da
1010 1742 1110 1782 nobis,
1136 1744 1277 1783 Domine,

985 1797 1102 1828 pacem,
1130 1790 1217 1830 dixit,
1244 1791 1426 1831 veniamque

939 1835 1000 1866 Per
1023 1835 1157 1873 pretium
1180 1837 1299 1874 muudi,

985 1889 1044 1920 quo
1068 1890 1123 1912 nos
1147 1882 1205 1913 tibi
1231 1883 1440 1916 conciliamur.

906 1969 914 1977 .
940 1946 1026 1977 Inter
1051 1953 1190 1977 carorum

985 1991 1180 2024 lacrimantia
1207 1994 1327 2025 cantica
1351 1994 1485 2027 fratrum

940 2037 1075 2077 Spiritus
1101 2038 1254 2078 emigrans

986 2092 1058 2114 mox
1081 2084 1160 2115 lucis
1175 2086 1209 2117 in
1225 2094 1298 2117 arce
1315 2091 1485 2122 corruscat.

908 2172 916 2180 .
942 2148 967 2180 Ο
992 2147 1069 2179 felix
1092 2149 1204 2190 obitus,

989 2195 1075 2232 cujus
1099 2195 1153 2235 pia
1176 2197 1241 2228 vita
1264 2199 1425 2239 probatur,

941 2241 1021 2273 Inde
1043 2241 1111 2279 pios
1134 2241 1225 2275 fletus

989 2287 1079 2318 simul
1100 2291 1132 2319 et
1146 2290 1200 2328 pia
1216 2292 1330 2330 gaudia
1345 2294 1485 2329 miscent.
