1674 2492
642 105 686 110 ——
735 85 801 120 159
851 105 888 109 —

553 176 598 208 60.
636 177 679 208 Dc
698 177 785 208 santo
807 175 985 208 Godeberta.

264 244 309 275 In
336 245 365 276 1.
392 244 498 283 Vesp
510 246 602 276 eris.

315 306 360 334 Ad
378 307 554 343 Magnificat.

131 361 169 392 A.
195 360 289 391 Alma
311 360 410 399 virgo,
436 369 551 400 sponsa
576 360 702 401 Christi,

242 406 388 437 cohaeres
414 406 601 446 coelestium,

197 452 333 491 Insignis
357 460 482 484 consors
505 456 680 485 sanctarum

244 497 423 530 Godeberta
447 499 611 538 virginum,

199 545 285 576 Audi
309 552 402 576 voces
426 544 613 577 famulorum

244 591 365 630 pariter
391 591 565 623 canentium

199 638 304 676 Atque
328 637 381 676 pia
405 637 495 669 nobis
520 641 605 670 tuum

243 683 378 722 impetra
403 685 599 716 consortium.

267 775 327 806 Ad
350 775 611 807 MatutInum.

331 834 543 861 Invitatorium.

196 885 379 924 virgineum
405 886 508 925 decus,
534 887 692 917 aeternum

248 940 352 971 regem
375 940 568 973 veneremur,

203 978 338 1017 Virginis
362 979 504 1018 egregiae

246 1023 425 1056 Godbertae
450 1024 532 1055 festa
556 1027 711 1057 canentes,

268 1117 312 1147 In
339 1118 369 1150 1.
396 1116 618 1148 Nocturno.

344 1181 534 1215 Antiphonae.

144 1233 175 1264 1.
202 1232 338 1271 Spiritus
363 1232 453 1271 alme,
479 1234 564 1263 tuum

246 1279 361 1310 nostris
383 1287 467 1309 nunc
483 1286 613 1318 suggere
629 1279 741 1316 lumen,

199 1324 352 1356 Cordibus
376 1326 412 1354 ut
433 1325 525 1362 hujus

248 1370 438 1402 celebremus
463 1370 592 1410 virginis
618 1374 714 1402 aetus.

143 1428 174 1459 2.
200 1426 410 1458 Ambianense
433 1435 513 1465 pago

244 1472 389 1504 Noviomi
413 1473 454 1504 ad
471 1481 549 1510 opus
568 1474 743 1505 veneranda

198 1519 286 1552 Haec
312 1518 473 1550 Godberta
496 1527 584 1550 sacro

244 1564 305 1596 fuit
330 1565 415 1597 edita
439 1568 569 1604 utroque
593 1569 732 1604 parente.

143 1622 173 1653 3.
201 1621 304 1660 thue
330 1620 471 1652 columba
496 1621 556 1659 piis

244 1666 345 1698 nitido
372 1667 409 1697 de
434 1666 520 1698 fonte
544 1669 653 1698 renata

199 1713 332 1745 Actibus
356 1714 492 1745 intendit

246 1760 383 1791 retinens
408 1760 561 1799 serpentis
587 1768 724 1792 acumen.

339 1833 541 1867 Responsoria.

145 1891 174 1924 1.
200 1890 317 1921 Dulces
341 1890 448 1929 lingua
471 1891 579 1920 nostra
605 1888 727 1920 Christo

247 1937 362 1968 reddat
386 1936 450 1967 alte
470 1935 598 1975 jubilos,

197 1984 255 2023 Qui
280 1983 386 2014 multis
411 1983 488 2014 locis
513 1982 606 2013 beata

245 2030 338 2070 plura
364 2030 494 2061 credens
518 2029 660 2068 pignora,

191 2077 265 2123 ¹Nos
290 2076 329 2108 ab
353 2077 444 2107 hoste
467 2075 568 2107 munit
592 2075 686 2106 armis

246 2123 446 2157 Godebertac
468 2122 608 2162 virginis.

133 2172 172 2204 V.
198 2170 313 2213 Reddi,
339 2170 416 2204 Jesu
440 2169 529 2211 bone,
556 2171 659 2209 grates

245 2226 309 2257 ore,
336 2217 431 2249 corde
456 2216 615 2255 condecet,

197 2265 279 2297 Nam
304 2263 532 2295 reminiscendo
561 2262 609 2294 sui

241 2312 359 2352 jugiter
382 2310 500 2345 auxilii.

807 247 835 278 2.
862 246 912 277 Ex
932 245 1050 276 imbuta
1074 245 1143 284 lege
1168 244 1283 276 Christi

906 291 1068 330 parentela
1091 291 1239 329 nascitur,

864 338 961 376 Quam
985 337 1048 368 fide
1074 337 1325 368 catechizandum

911 383 1119 415 Godebertam
1145 384 1292 422 vocitant,

865 431 948 461 Rore
972 429 1066 461 fontis
1091 429 1136 461 sic
1161 430 1267 461 deluta

908 476 1083 507 illustratur
1106 476 1230 514 spiritu.

799 521 836 551 V.
861 522 1052 553 Exoi'cismis
1077 522 1174 553 sacris
1200 521 1279 553 fulta

912 568 1018 599 domus
1043 568 1103 599 Dei
1124 568 1225 600 nitida

864 614 1042 646 Universali
1065 613 1127 646 fide
1138 612 1225 656 [que]

913 660 1100 692 subarrhata
1123 658 1296 701 [Domino]

810 717 840 747 3.
865 717 895 747 A
919 724 1016 754 puero
1042 715 1221 747 Godeberta
1244 715 1340 746 sacris

909 762 974 799 jam
998 762 1136 792 moribus
1160 761 1292 792 haerens

867 807 918 839 Ad
943 807 1099 839 Christum
1123 809 1188 838 toto

911 853 1053 892 concepit
1084 853 1214 883 tendere
1238 855 1319 891 voto,

868 899 923 930 Cui
947 908 1016 930 sese
1041 902 1156 930 castam

911 946 997 976 vovit
1020 945 1175 976 servarier
1198 944 1311 976 aulam.

800 991 837 1023 V.
864 991 1056 1022 Prudentum
1081 999 1207 1022 numero

913 1038 1049 1069 sociatur
1073 1037 1160 1075 virgo
1185 1037 1285 1075 beata,

873 1084 1031 1122 Lampade
1058 1091 1206 1114 succensa

916 1138 1029 1168 sponso
1054 1130 1100 1160 sic
1124 1128 1256 1168 pervigil
1280 1129 1392 1159 adstat.

935 1222 979 1252 In
1004 1223 1034 1253 2.
1060 1221 1286 1253 Nooturno.

1011 1285 1201 1319 Antiphonae.

811 1343 840 1374 1.
869 1342 961 1373 Casta
986 1341 1093 1373 volans
1117 1341 1208 1378 hujus

911 1388 975 1426 ,iam
999 1387 1150 1426 pulchrae
1173 1385 1256 1417 fama
1279 1386 1403 1425 puellae

869 1437 970 1465 Aures
995 1433 1144 1465 nobilium

914 1481 1020 1519 pulsat
1043 1488 1080 1510 ac
1106 1479 1209 1510 dicere
1234 1481 1343 1509 tentat.

811 1539 840 1568 2.
867 1536 1036 1568 Praevenit
1058 1536 1115 1567 hos
1139 1544 1216 1573 prae
1230 1535 1265 1565 ¹ul

918 1583 1061 1613 virtutum
1088 1582 1226 1622 germine
1248 1580 1354 1619 fultum,

868 1629 988 1668 Eligius
1013 1628 1136 1660 Christo

915 1674 1105 1706 Godbertam
1126 1675 1255 1712 sponsat
1274 1676 1304 1703 et
1320 1673 1414 1705 almo.

811 1731 841 1764 3.
869 1731 937 1762 Rex
964 1730 1069 1762 divina
1093 1729 1203 1761 videns

917 1776 1083 1808 Lotharius
1108 1776 1231 1807 nomine
1256 1775 1373 1807 Christi

869 1823 945 1854 Mox
971 1824 1025 1854 dat
1048 1823 1121 1853 huic
1146 1822 1249 1852 dotem

918 1870 1028 1901 donum
1058 1868 1211 1907 cupiendo
1236 1876 1414 1906 supernum.

1006 1932 1208 1967 Responsoria.

814 1981 841 2012 1.
870 1980 1072 2013 Sanctissima
1095 1988 1210 2020 sponsa
1235 1979 1350 2012 Christi

916 2026 1095 2058 Godeberta
1118 2027 1203 2058 beati

870 2074 1029 2105 Antistitis
1051 2074 1148 2113 Eligii

916 2120 1063 2152 roborata
1088 2120 1237 2152 doctrinis

869 2169 1039 2199 Assumens
1064 2167 1239 2206 lampadem
1266 2175 1333 2199 cum

916 2213 1055 2245 laetitiae
1079 2214 1146 2245 oleo

871 2260 1017 2292 Introivit
1040 2261 1080 2292 ad
1104 2261 1228 2300 nuptias

917 2308 1060 2339 veniente
1084 2308 1227 2341 Domino.
