1656 2491
748 100 972 133 ,26-

429 193 628 227 Responsoria.

239 253 269 285 1.
297 252 417 284 Gaudia
439 252 611 290 praesentis

341 297 485 328 ducentes
509 297 641 328 maxima
665 295 747 335 festi,

295 343 478 375 Cunctorum
504 343 657 374 dominum

340 396 527 426 veneremur,
553 388 604 426 qui
627 388 679 425 pie
703 386 821 417 coelum

291 433 413 466 Ditavit
434 433 527 463 hodie

335 478 485 508 Aichadri
508 476 632 508 flamine
654 478 763 516 patris.

223 524 261 555 V.
287 523 405 559 Omnia,
431 531 509 561 quae
532 523 637 560 voluit,

333 567 482 598 Dominus
507 568 621 598 virtute
645 568 771 600 creavit.

232 625 261 655 2.
287 623 332 655 Ut
354 630 441 653 sacer
463 622 639 653 Aichadrus

334 668 551 698 monachorum
576 667 802 699 Gemeticorum

289 713 431 751 Suscepit
453 713 601 752 regimen,

336 759 407 789 (lum
432 761 517 789 curat
541 759 656 789 habere
678 759 817 791 laborem

286 804 448 840 Pascendi,
476 804 529 834 dat
552 804 581 834 ei

334 849 474 881 Christus
498 850 612 880 vexilla
635 850 753 882 salutis.

222 895 261 927 V.
286 895 520 932 Temptamenta
542 895 615 925 tulit

336 939 447 978 zabuli,
473 940 528 970 sed
552 941 642 972 Jesus
666 941 705 972 ab
722 940 825 972 astris.

231 996 261 1026 3.
287 993 434 1025 Florebat
458 994 533 1033 vigil
556 994 588 1024 in

325 1039 480 1077 precibus,
502 1040 620 1077 Jejunia
643 1043 775 1079 sectans,

289 1084 495 1123 Tranquillus,
520 1085 650 1124 patiens,

335 1131 446 1167 castus,
470 1129 610 1160 bonitate
630 1131 799 1170 modestus

288 1174 448 1212 Lampade
472 1175 617 1205 virtutum

333 1218 438 1258 fultus,
463 1220 579 1258 pietate
602 1229 736 1254 serenus.

222 1266 260 1296 V.
286 1264 432 1297 Omnibus
456 1266 558 1296 omnia
582 1265 681 1297 factus
706 1270 773 1297 erat

331 1318 386 1348 pes
410 1313 444 1340 ut
468 1311 607 1342 omnibus
632 1315 721 1343 esset.

348 1427 393 1458 In
420 1429 450 1460 2.
476 1428 697 1462 Nocturno.

426 1500 614 1534 Antiphonae.

228 1560 259 1590 1.
283 1559 422 1590 Haeredi
444 1568 532 1591 sacro

331 1604 483 1642 genitores
509 1606 584 1637 dant
605 1608 773 1652 Aichadro‚

286 1652 349 1687 Quo
373 1650 456 1680 locat
480 1652 639 1683 ecclesiam

330 1703 433 1725 secum
456 1697 638 1737 plebemque
660 1699 794 1736 fidelem,

224 1750 255 1781 2.
284 1751 345 1781 Pro
370 1751 468 1780 sancti
491 1753 609 1783 meritis

327 1795 479 1827 Aichadri
503 1796 585 1830 fama
609 1799 692 1831 beati

279 1841 409 1879 Expetit
432 1841 552 1874 abbatis

326 1887 466 1925 placidas
490 1898 579 1920 aures
602 1891 776 1924 Philiberti.

225 1942 254 1973 3,
282 1941 337 1979 Qui
363 1941 423 1972 cito
449 1943 615 1981 discipulos

326 1986 451 2017 mittens
475 1991 634 2028 praecepit
658 1994 788 2024 eundem

283 2033 359 2064 Jure
383 2032 511 2064 salutari

326 2077 418 2117 plene
440 2079 500 2110 sibi
522 2083 684 2122 menteque
704 2085 801 2126 Jungi.

220 2133 253 2164 4.
278 2133 484 2165 Praeveniens
508 2135 563 2167 hos
588 2146 605 2168 e
629 2140 722 2171 coelis

324 2187 412 2209 sacer
433 2182 559 2219 angelus
581 2184 652 2215 altis

275 2224 407 2256 Infixum
430 2227 573 2264 precibus

321 2270 512 2304 Aichadrum
533 2275 603 2313 J'ure
624 2277 782 2316 profatur:

952 192 1030 230 Ave,
1055 188 1231 229 praeceptis

999 236 1116 268 domini
1138 242 1253 274 parens
1276 232 1451 272 Benedicti,

952 282 1013 313 Pro
1039 281 1148 320 quibus
1174 288 1245 312 eece
1268 281 1373 310 manet

998 336 1121 366 semper
1137 327 1195 358 tibi
1208 326 1276 356 laus
1288 333 1382 363 super
1394 327 1494 363 astra3

893 401 923 432 5.
950 401 995 433 Ut
1019 399 1202 431 conforteris

996 447 1105 477 melius
1130 446 1253 478 Christo
1280 443 1433 482 famulari,

947 491 983 521 In
1009 492 1132 523 Christo
1157 490 1272 522 fratres

996 537 1056 567 duo
1083 545 1150 567 cras
1175 536 1233 567 tibi
1253 535 1367 574 gaudia
1384 535 1493 566 dantes

947 581 1092 613 Partibus
1117 590 1155 612 ex
1179 581 1279 613 sancti

995 628 1094 666 patris
1120 629 1244 659 venient
1267 625 1441 658 Philiberti.

1087 718 1290 753 Responsoria.

893 778 924 810 1.
949 777 1137 817 Aichadrus‚
1164 777 1288 809 Domini

997 822 1163 862 confessor,
1188 823 1304 854 talibus
1328 823 1405 855 actis

946 869 999 900 Ad
1023 869 1160 907 pretiosa
1183 869 1309 900 trahens

995 918 1119 945 cunctos
1146 915 1287 946 convivia
1309 916 1393 946 vitae

946 959 1072 991 Effulsit
1096 961 1191 999 signis

992 1006 1098 1036 multis
1124 1014 1192 1036 cum
1216 1006 1339 1036 nomine
1364 1005 1481 1037 Christi

881 1050 919 1083 V.
943 1051 980 1081 In
1004 1050 1096 1082 factis
1118 1051 1249 1091 magnis,

992 1095 1066 1127 fidei
1090 1098 1219 1128 vestitus
1243 1097 1365 1128 amictu.

893 1170 923 1200 2.
949 1169 1080 1208 Agmine
1103 1168 1241 1200 fraterno

994 1215 1126 1246 sudante
1148 1216 1256 1246 labore
1278 1215 1370 1247 beato

946 1260 1078 1299 Ingemit
1101 1261 1199 1291 hostis
1223 1262 1314 1291 atrox

992 1314 1202 1345 quaerensque
1223 1315 1336 1338 nocere
1359 1306 1468 1339 fideles

944 1351 1068 1382 Arbore
1092 1360 1160 1382 cum
1184 1352 1285 1383 sterili

991 1398 1074 1435 perit
1096 1398 1129 1428 in
1147 1398 1246 1428 crucis
1263 1398 1351 1428 obice
1366 1399 1487 1439 pulsus,

880 1441 917 1473 V.
941 1442 1034 1473 Abba
1057 1452 1126 1474 nam
1152 1442 1267 1475 fratres

991 1487 1096 1519 firmat
1122 1489 1210 1528 niger
1234 1489 1360 1528 angelus
1384 1492 1487 1529 atque.

887 1561 919 1592 3.
944 1560 1000 1591 Vir
1024 1559 1101 1592 felix
1122 1561 1220 1593 minui

986 1606 1057 1637 dum
1082 1616 1116 1637 se
1137 1608 1227 1646 jubet
1249 1608 1309 1639 iste
1334 1610 1466 1650 capillis,

943 1652 1020 1683 Post
1042 1653 1149 1683 horam
1173 1663 1285 1684 nonam

990 1699 1151 1737 paschalia
1174 1700 1261 1739 signa
1285 1704 1458 1742 parantem,

943 1743 1031 1781 Quod
1054 1745 1128 1775 tulit
1150 1745 1302 1785 incautus,

988 1790 1124 1821 lacrimis
1148 1793 1307 1831 reparavit
1328 1793 1457 1834 obortis,

878 1834 915 1865 V.
940 1835 1029 1867 Vidit
1052 1837 1132 1867 enim
1156 1838 1276 1869 hostem

985 1881 1018 1912 in
1043 1882 1102 1913 hoc
1125 1885 1261 1922 gaudere
1284 1886 1342 1917 sed
1363 1885 1458 1919 idem.

1004 2010 1050 2041 111
1076 2013 1106 2044 3.
1131 2013 1357 2049 Nocturno.

1081 2084 1126 2112 Ad
1147 2085 1274 2114 Cantica.

873 2143 912 2175 A.
937 2143 1038 2183 Hujus
1062 2155 1194 2186 namque
1215 2148 1277 2180 loci

983 2191 1096 2231 legeris
1123 2194 1269 2227 divinitus
1294 2200 1403 2231 auctor

937 2238 986 2268 Ac
1008 2238 1080 2270 ideo
1106 2240 1200 2273 debes

982 2284 1051 2316 istis
1076 2285 1144 2318 fore
1166 2288 1267 2321 laetus
1290 2292 1327 2323 ut
1349 2291 1474 2331 hospes.
