<?xml version="1.0" encoding="UTF-8"?>
<!DOCTYPE html PUBLIC "-//W3C//DTD XHTML 1.0 Transitional//EN"
    "http://www.w3.org/TR/xhtml1/DTD/xhtml1-transitional.dtd">
<html xmlns="http://www.w3.org/1999/xhtml" xml:lang="en" lang="en">
 <head>
  <title>
</title>
<meta http-equiv="Content-Type" content="text/html;charset=utf-8" />
  <meta name='ocr-system' content='tesseract 3.04.00' />
  <meta name='ocr-capabilities' content='ocr_page ocr_carea ocr_par ocr_line ocrx_word'/>
</head>
<body>
  <div class='ocr_page' id='page_1' title='image "./analectahymnica13drevuoft_00114.png"; bbox 0 0 1679 2491; ppageno 0'>
   <div class='ocr_carea' id='block_1_1' title="bbox 680 75 934 111">
    <p class='ocr_par' dir='ltr' id='par_1_1' title="bbox 680 75 934 111">
     <span class='ocr_line' id='line_1_1' title="bbox 680 75 934 111; baseline -0.008 0"><span class='ocrx_word' id='word_1_1' title='bbox 680 75 934 111; x_wconf 44' lang='lat' dir='ltr'>—111ffl</span> 
     </span>
    </p>
   </div>
   <div class='ocr_carea' id='block_1_2' title="bbox 177 169 636 207">
    <p class='ocr_par' dir='ltr' id='par_1_2' title="bbox 177 169 636 207">
     <span class='ocr_line' id='line_1_2' title="bbox 177 169 636 207; baseline 0 -6"><span class='ocrx_word' id='word_1_2' title='bbox 177 170 211 201; x_wconf 82' lang='lat'>3.</span> <span class='ocrx_word' id='word_1_3' title='bbox 237 169 451 207; x_wconf 77' lang='lat' dir='ltr'>Insurgentem</span> <span class='ocrx_word' id='word_1_4' title='bbox 476 169 636 201; x_wconf 63' lang='lat' dir='ltr'>:Iulianum</span> 
     </span>
    </p>
   </div>
   <div class='ocr_carea' id='block_1_3' title="bbox 178 446 209 477">
    <p class='ocr_par' dir='ltr' id='par_1_3' title="bbox 178 446 209 477">
     <span class='ocr_line' id='line_1_3' title="bbox 178 446 209 477; baseline -0.032 0"><span class='ocrx_word' id='word_1_5' title='bbox 178 446 209 477; x_wconf 85' lang='lat'>1.</span> 
     </span>
    </p>
   </div>
   <div class='ocr_carea' id='block_1_4' title="bbox 170 1197 207 1231">
    <p class='ocr_par' dir='ltr' id='par_1_4' title="bbox 170 1197 207 1231">
     <span class='ocr_line' id='line_1_4' title="bbox 170 1197 207 1231; baseline 0 -3"><span class='ocrx_word' id='word_1_6' title='bbox 170 1197 207 1231; x_wconf 82' lang='lat' dir='ltr'>V.</span> 
     </span>
    </p>
   </div>
   <div class='ocr_carea' id='block_1_5' title="bbox 233 215 699 347">
    <p class='ocr_par' dir='ltr' id='par_1_5' title="bbox 233 215 699 347">
     <span class='ocr_line' id='line_1_5' title="bbox 279 215 692 255; baseline 0.005 -10"><span class='ocrx_word' id='word_1_7' title='bbox 279 215 316 246; x_wconf 86' lang='lat' dir='ltr'>In</span> <span class='ocrx_word' id='word_1_8' title='bbox 343 217 499 246; x_wconf 84' lang='lat' dir='ltr'>tormenta</span> <span class='ocrx_word' id='word_1_9' title='bbox 522 218 692 255; x_wconf 78' lang='lat' dir='ltr'>martyrum</span> 
     </span>
     <span class='ocr_line' id='line_1_6' title="bbox 233 260 616 299; baseline -0.003 -7"><span class='ocrx_word' id='word_1_10' title='bbox 233 260 330 299; x_wconf 79' lang='lat' dir='ltr'>Fugit,</span> <span class='ocrx_word' id='word_1_11' title='bbox 353 261 394 292; x_wconf 79' lang='lat' dir='ltr'>ad</span> <span class='ocrx_word' id='word_1_12' title='bbox 417 260 616 292; x_wconf 80' lang='lat' dir='ltr'>Hilarianum</span> 
     </span>
     <span class='ocr_line' id='line_1_7' title="bbox 279 306 699 347; baseline 0.005 -9"><span class='ocrx_word' id='word_1_13' title='bbox 279 306 324 338; x_wconf 87' lang='lat' dir='ltr'>Et</span> <span class='ocrx_word' id='word_1_14' title='bbox 346 307 517 338; x_wconf 81' lang='lat' dir='ltr'>antistitem</span> <span class='ocrx_word' id='word_1_15' title='bbox 544 308 699 347; x_wconf 76' lang='lat' dir='ltr'>Satyrum.</span> 
     </span>
    </p>
   </div>
   <div class='ocr_carea' id='block_1_6' title="bbox 374 389 576 424">
    <p class='ocr_par' dir='ltr' id='par_1_6' title="bbox 374 389 576 424">
     <span class='ocr_line' id='line_1_8' title="bbox 374 389 576 424; baseline -0.005 -9"><span class='ocrx_word' id='word_1_16' title='bbox 374 389 576 424; x_wconf 70' lang='lat' dir='ltr'>Responsoria.</span> 
     </span>
    </p>
   </div>
   <div class='ocr_carea' id='block_1_7' title="bbox 235 446 692 623">
    <p class='ocr_par' dir='ltr' id='par_1_7' title="bbox 235 446 692 623">
     <span class='ocr_line' id='line_1_9' title="bbox 237 446 665 484; baseline -0.005 -6"><span class='ocrx_word' id='word_1_17' title='bbox 237 446 314 478; x_wconf 89' lang='lat' dir='ltr'>Cum</span> <span class='ocrx_word' id='word_1_18' title='bbox 337 448 470 484; x_wconf 79' lang='lat' dir='ltr'>utraque</span> <span class='ocrx_word' id='word_1_19' title='bbox 492 446 570 484; x_wconf 83' lang='lat' dir='ltr'>legis</span> <span class='ocrx_word' id='word_1_20' title='bbox 596 448 665 477; x_wconf 85' lang='lat' dir='ltr'>rota</span> 
     </span>
     <span class='ocr_line' id='line_1_10' title="bbox 235 491 645 523; baseline 0.002 -2"><span class='ocrx_word' id='word_1_21' title='bbox 235 491 293 523; x_wconf 84' lang='lat' dir='ltr'>Vir</span> <span class='ocrx_word' id='word_1_22' title='bbox 316 491 426 522; x_wconf 76' lang='lat' dir='ltr'>beatus</span> <span class='ocrx_word' id='word_1_23' title='bbox 450 494 553 522; x_wconf 85' lang='lat' dir='ltr'>mente</span> <span class='ocrx_word' id='word_1_24' title='bbox 578 494 645 522; x_wconf 78' lang='lat' dir='ltr'>tota</span> 
     </span>
     <span class='ocr_line' id='line_1_11' title="bbox 237 537 628 569; baseline -0.003 0"><span class='ocrx_word' id='word_1_25' title='bbox 237 537 309 569; x_wconf 80' lang='lat' dir='ltr'>Ibat</span> <span class='ocrx_word' id='word_1_26' title='bbox 333 546 391 568; x_wconf 89' lang='lat' dir='ltr'>nec</span> <span class='ocrx_word' id='word_1_27' title='bbox 413 537 628 568; x_wconf 81' lang='lat' dir='ltr'>revertebatur</span> 
     </span>
     <span class='ocr_line' id='line_1_12' title="bbox 237 583 692 623; baseline -0.002 -9"><span class='ocrx_word' id='word_1_28' title='bbox 237 583 300 614; x_wconf 83' lang='lat' dir='ltr'>Sed</span> <span class='ocrx_word' id='word_1_29' title='bbox 326 592 394 614; x_wconf 86' lang='lat' dir='ltr'>cum</span> <span class='ocrx_word' id='word_1_30' title='bbox 419 583 495 614; x_wconf 86' lang='lat' dir='ltr'>rotis</span> <span class='ocrx_word' id='word_1_31' title='bbox 519 583 692 623; x_wconf 81' lang='lat' dir='ltr'>levabatur,</span> 
     </span>
    </p>
   </div>
   <div class='ocr_carea' id='block_1_8' title="bbox 202 628 784 669">
    <p class='ocr_par' dir='ltr' id='par_1_8' title="bbox 202 628 784 669">
     <span class='ocr_line' id='line_1_13' title="bbox 202 628 784 669; baseline 0 -9"><span class='ocrx_word' id='word_1_32' title='bbox 202 653 209 660; x_wconf 93' lang='lat'>.</span> <span class='ocrx_word' id='word_1_33' title='bbox 236 628 320 669; x_wconf 71' lang='lat' dir='ltr'>Quia</span> <span class='ocrx_word' id='word_1_34' title='bbox 341 628 391 660; x_wconf 73' lang='lat' dir='ltr'>Iex</span> <span class='ocrx_word' id='word_1_35' title='bbox 405 629 468 660; x_wconf 82' lang='lat' dir='ltr'>Dez&#39;</span> <span class='ocrx_word' id='word_1_36' title='bbox 488 630 526 660; x_wconf 65' lang='lat' dir='ltr'>{n</span> <span class='ocrx_word' id='word_1_37' title='bbox 541 637 594 661; x_wconf 82' lang='lat' dir='ltr'>ore</span> <span class='ocrx_word' id='word_1_38' title='bbox 610 629 712 668; x_wconf 61' lang='lat' dir='ltr'>ipsius</span> <span class='ocrx_word' id='word_1_39' title='bbox 726 637 784 660; x_wconf 67' lang='lat' dir='ltr'>nec</span> 
     </span>
    </p>
   </div>
   <div class='ocr_carea' id='block_1_9' title="bbox 237 675 781 715">
    <p class='ocr_par' dir='ltr' id='par_1_9' title="bbox 237 675 781 715">
     <span class='ocr_line' id='line_1_14' title="bbox 237 675 781 715; baseline 0.002 -9"><span class='ocrx_word' id='word_1_40' title='bbox 237 675 527 715; x_wconf 62' lang='lat' dir='ltr'>supplantabuntur</span> <span class='ocrx_word' id='word_1_41' title='bbox 555 684 678 715; x_wconf 73' lang='lat' dir='ltr'>yressus</span> <span class='ocrx_word' id='word_1_42' title='bbox 704 675 781 714; x_wconf 77' lang='lat' dir='ltr'>ejus.</span> 
     </span>
    </p>
   </div>
   <div class='ocr_carea' id='block_1_10' title="bbox 206 729 546 768">
    <p class='ocr_par' dir='ltr' id='par_1_10' title="bbox 206 729 546 768">
     <span class='ocr_line' id='line_1_15' title="bbox 206 729 546 768; baseline 0 -8"><span class='ocrx_word' id='word_1_43' title='bbox 206 755 211 760; x_wconf 95' lang='lat'>.</span> <span class='ocrx_word' id='word_1_44' title='bbox 237 729 344 761; x_wconf 79' lang='lat' dir='ltr'>Sancti</span> <span class='ocrx_word' id='word_1_45' title='bbox 368 729 546 768; x_wconf 72' lang='lat' dir='ltr'>deprecatio</span> 
     </span>
    </p>
   </div>
   <div class='ocr_carea' id='block_1_11' title="bbox 235 774 783 991">
    <p class='ocr_par' dir='ltr' id='par_1_11' title="bbox 237 774 590 814">
     <span class='ocr_line' id='line_1_16' title="bbox 237 774 590 814; baseline -0.003 -7"><span class='ocrx_word' id='word_1_46' title='bbox 237 775 334 814; x_wconf 86' lang='lat' dir='ltr'>Opem</span> <span class='ocrx_word' id='word_1_47' title='bbox 358 774 420 806; x_wconf 87' lang='lat' dir='ltr'>fert</span> <span class='ocrx_word' id='word_1_48' title='bbox 443 776 590 806; x_wconf 86' lang='lat' dir='ltr'>Austerio</span> 
     </span>
    </p>

    <p class='ocr_par' dir='ltr' id='par_1_12' title="bbox 237 820 584 860">
     <span class='ocr_line' id='line_1_17' title="bbox 237 820 584 860; baseline 0.009 -9"><span class='ocrx_word' id='word_1_49' title='bbox 237 820 390 860; x_wconf 86' lang='lat' dir='ltr'>Propulso</span> <span class='ocrx_word' id='word_1_50' title='bbox 414 821 584 854; x_wconf 69' lang='lat' dir='ltr'>daemonio,</span> 
     </span>
    </p>

    <p class='ocr_par' dir='ltr' id='par_1_13' title="bbox 235 866 783 991">
     <span class='ocr_line' id='line_1_18' title="bbox 238 866 781 898; baseline -0.002 0"><span class='ocrx_word' id='word_1_51' title='bbox 238 867 399 898; x_wconf 74' lang='lat' dir='ltr'>Laudavit</span> <span class='ocrx_word' id='word_1_52' title='bbox 413 876 530 898; x_wconf 69' lang='lat' dir='ltr'>nomen</span> <span class='ocrx_word' id='word_1_53' title='bbox 540 866 605 898; x_wconf 75' lang='lat' dir='ltr'>Dei</span> <span class='ocrx_word' id='word_1_54' title='bbox 622 876 693 898; x_wconf 78' lang='lat' dir='ltr'>cum</span> <span class='ocrx_word' id='word_1_55' title='bbox 706 874 781 897; x_wconf 79' lang='lat' dir='ltr'>ecm-</span> 
     </span>
     <span class='ocr_line' id='line_1_19' title="bbox 235 912 783 953; baseline -0.002 -9"><span class='ocrx_word' id='word_1_56' title='bbox 235 913 297 945; x_wconf 76' lang='lat' dir='ltr'>tico</span> <span class='ocrx_word' id='word_1_57' title='bbox 334 915 361 944; x_wconf 83' lang='lat' dir='ltr'>et</span> <span class='ocrx_word' id='word_1_58' title='bbox 393 912 612 953; x_wconf 67' lang='lat' dir='ltr'>mayne&#39;ficavit</span> <span class='ocrx_word' id='word_1_59' title='bbox 645 921 717 943; x_wconf 81' lang='lat' dir='ltr'>eum</span> <span class='ocrx_word' id='word_1_60' title='bbox 745 913 783 943; x_wconf 71' lang='lat' dir='ltr'>{n</span> 
     </span>
     <span class='ocr_line' id='line_1_20' title="bbox 235 958 338 991; baseline 0.01 -2"><span class='ocrx_word' id='word_1_61' title='bbox 235 958 338 991; x_wconf 75' lang='lat' dir='ltr'>laude.</span> 
     </span>
    </p>
   </div>
   <div class='ocr_carea' id='block_1_12' title="bbox 204 1013 739 1054">
    <p class='ocr_par' dir='ltr' id='par_1_14' title="bbox 204 1013 739 1054">
     <span class='ocr_line' id='line_1_21' title="bbox 204 1013 739 1054; baseline -0.002 -9"><span class='ocrx_word' id='word_1_62' title='bbox 204 1038 211 1045; x_wconf 91' lang='lat'><em>.</em></span> <span class='ocrx_word' id='word_1_63' title='bbox 236 1013 475 1054; x_wconf 82' lang='lat' dir='ltr'>Euphrosynam</span> <span class='ocrx_word' id='word_1_64' title='bbox 496 1014 561 1052; x_wconf 85' lang='lat' dir='ltr'>jam</span> <span class='ocrx_word' id='word_1_65' title='bbox 586 1013 739 1052; x_wconf 81' lang='lat' dir='ltr'>sepultam</span> 
     </span>
    </p>
   </div>
   <div class='ocr_carea' id='block_1_13' title="bbox 232 1058 783 1282">
    <p class='ocr_par' dir='ltr' id='par_1_15' title="bbox 236 1058 620 1098">
     <span class='ocr_line' id='line_1_22' title="bbox 236 1058 620 1098; baseline -0.003 -8"><span class='ocrx_word' id='word_1_66' title='bbox 236 1059 331 1091; x_wconf 87' lang='lat' dir='ltr'>Jubet</span> <span class='ocrx_word' id='word_1_67' title='bbox 354 1058 462 1091; x_wconf 90' lang='lat' dir='ltr'>fiscum</span> <span class='ocrx_word' id='word_1_68' title='bbox 485 1060 620 1098; x_wconf 84' lang='lat' dir='ltr'>prodere</span> 
     </span>
    </p>

    <p class='ocr_par' dir='ltr' id='par_1_16' title="bbox 232 1105 783 1282">
     <span class='ocr_line' id='line_1_23' title="bbox 237 1105 715 1145; baseline 0 -9"><span class='ocrx_word' id='word_1_69' title='bbox 237 1105 312 1137; x_wconf 88' lang='lat' dir='ltr'>Viro</span> <span class='ocrx_word' id='word_1_70' title='bbox 337 1114 402 1145; x_wconf 84' lang='lat' dir='ltr'>suo,</span> <span class='ocrx_word' id='word_1_71' title='bbox 429 1105 482 1145; x_wconf 86' lang='lat' dir='ltr'>qui</span> <span class='ocrx_word' id='word_1_72' title='bbox 504 1113 563 1144; x_wconf 87' lang='lat' dir='ltr'>per</span> <span class='ocrx_word' id='word_1_73' title='bbox 585 1106 715 1137; x_wconf 84' lang='lat' dir='ltr'>multam</span> 
     </span>
     <span class='ocr_line' id='line_1_24' title="bbox 238 1151 609 1183; baseline 0 -1"><span class='ocrx_word' id='word_1_74' title='bbox 238 1151 309 1182; x_wconf 86' lang='lat' dir='ltr'>Vim</span> <span class='ocrx_word' id='word_1_75' title='bbox 332 1154 453 1183; x_wconf 81' lang='lat' dir='ltr'>artatur</span> <span class='ocrx_word' id='word_1_76' title='bbox 477 1152 609 1183; x_wconf 82' lang='lat' dir='ltr'>solvere.</span> 
     </span>
     <span class='ocr_line' id='line_1_25' title="bbox 232 1197 783 1237; baseline -0.002 -7"><span class='ocrx_word' id='word_1_77' title='bbox 232 1197 389 1230; x_wconf 70' lang='lat' dir='ltr'>Laetatur</span> <span class='ocrx_word' id='word_1_78' title='bbox 401 1206 496 1237; x_wconf 72' lang='lat' dir='ltr'>super</span> <span class='ocrx_word' id='word_1_79' title='bbox 507 1198 636 1228; x_wconf 77' lang='lat' dir='ltr'>inventa</span> <span class='ocrx_word' id='word_1_80' title='bbox 642 1198 783 1237; x_wconf 69' lang='lat' dir='ltr'>pecunia</span> 
     </span>
     <span class='ocr_line' id='line_1_26' title="bbox 235 1243 780 1282; baseline 0.002 -7"><span class='ocrx_word' id='word_1_81' title='bbox 235 1244 317 1275; x_wconf 79' lang='lat' dir='ltr'>siout</span> <span class='ocrx_word' id='word_1_82' title='bbox 342 1244 396 1282; x_wconf 73' lang='lat' dir='ltr'>qui</span> <span class='ocrx_word' id='word_1_83' title='bbox 415 1243 535 1275; x_wconf 72' lang='lat' dir='ltr'>invenit</span> <span class='ocrx_word' id='word_1_84' title='bbox 550 1243 655 1282; x_wconf 69' lang='lat' dir='ltr'>spolia</span> <span class='ocrx_word' id='word_1_85' title='bbox 669 1243 780 1276; x_wconf 73' lang='lat' dir='ltr'>multa.</span> 
     </span>
    </p>
   </div>
   <div class='ocr_carea' id='block_1_14' title="bbox 301 1353 653 1451">
    <p class='ocr_par' dir='ltr' id='par_1_17' title="bbox 301 1353 653 1451">
     <span class='ocr_line' id='line_1_27' title="bbox 301 1353 653 1386; baseline 0.006 -2"><span class='ocrx_word' id='word_1_86' title='bbox 301 1353 347 1384; x_wconf 87' lang='lat' dir='ltr'>In</span> <span class='ocrx_word' id='word_1_87' title='bbox 373 1354 402 1384; x_wconf 86' lang='lat'>2.</span> <span class='ocrx_word' id='word_1_88' title='bbox 430 1353 486 1384; x_wconf 83' lang='lat' dir='ltr'>No</span> <span class='ocrx_word' id='word_1_89' title='bbox 498 1358 653 1386; x_wconf 89' lang='lat' dir='ltr'>cturn0.</span> 
     </span>
     <span class='ocr_line' id='line_1_28' title="bbox 378 1416 572 1451; baseline 0 -8"><span class='ocrx_word' id='word_1_90' title='bbox 378 1416 572 1451; x_wconf 83' lang='lat' dir='ltr'>Antiphonae.</span> 
     </span>
    </p>
   </div>
   <div class='ocr_carea' id='block_1_15' title="bbox 201 1472 553 1506">
    <p class='ocr_par' dir='ltr' id='par_1_18' title="bbox 201 1472 553 1506">
     <span class='ocr_line' id='line_1_29' title="bbox 201 1472 553 1506; baseline -0.009 0"><span class='ocrx_word' id='word_1_91' title='bbox 201 1500 207 1506; x_wconf 93' lang='lat'><strong><em>.</em></strong></span> <span class='ocrx_word' id='word_1_92' title='bbox 233 1473 349 1506; x_wconf 85' lang='lat' dir='ltr'>Merito</span> <span class='ocrx_word' id='word_1_93' title='bbox 375 1472 553 1504; x_wconf 82' lang='lat' dir='ltr'>mirificavit</span> 
     </span>
    </p>
   </div>
   <div class='ocr_carea' id='block_1_16' title="bbox 232 1518 710 1646">
    <p class='ocr_par' dir='ltr' id='par_1_19' title="bbox 232 1518 710 1646">
     <span class='ocr_line' id='line_1_30' title="bbox 278 1518 661 1557; baseline -0.003 -7"><span class='ocrx_word' id='word_1_94' title='bbox 278 1520 364 1551; x_wconf 88' lang='lat' dir='ltr'>Deus</span> <span class='ocrx_word' id='word_1_95' title='bbox 388 1528 476 1552; x_wconf 88' lang='lat' dir='ltr'>suum</span> <span class='ocrx_word' id='word_1_96' title='bbox 501 1518 661 1557; x_wconf 81' lang='lat' dir='ltr'>famulum,</span> 
     </span>
     <span class='ocr_line' id='line_1_31' title="bbox 232 1566 643 1604; baseline -0.002 -8"><span class='ocrx_word' id='word_1_97' title='bbox 232 1566 312 1604; x_wconf 74' lang='lat' dir='ltr'>Quia</span> <span class='ocrx_word' id='word_1_98' title='bbox 333 1574 416 1597; x_wconf 72' lang='lat' dir='ltr'>vana</span> <span class='ocrx_word' id='word_1_99' title='bbox 439 1574 501 1597; x_wconf 89' lang='lat' dir='ltr'>non</span> <span class='ocrx_word' id='word_1_100' title='bbox 526 1566 643 1597; x_wconf 81' lang='lat' dir='ltr'>amavit</span> 
     </span>
     <span class='ocr_line' id='line_1_32' title="bbox 278 1612 710 1646; baseline -0.002 -3"><span class='ocrx_word' id='word_1_101' title='bbox 278 1612 346 1643; x_wconf 80' lang='lat' dir='ltr'>Nec</span> <span class='ocrx_word' id='word_1_102' title='bbox 369 1612 550 1643; x_wconf 85' lang='lat' dir='ltr'>mendacem</span> <span class='ocrx_word' id='word_1_103' title='bbox 574 1612 710 1646; x_wconf 83' lang='lat' dir='ltr'>titulum,</span> 
     </span>
    </p>
   </div>
   <div class='ocr_carea' id='block_1_17' title="bbox 199 1667 644 1700">
    <p class='ocr_par' dir='ltr' id='par_1_20' title="bbox 199 1667 644 1700">
     <span class='ocr_line' id='line_1_33' title="bbox 199 1667 644 1700; baseline -0.002 -1"><span class='ocrx_word' id='word_1_104' title='bbox 199 1692 206 1699; x_wconf 93' lang='lat'>.</span> <span class='ocrx_word' id='word_1_105' title='bbox 232 1667 326 1700; x_wconf 86' lang='lat' dir='ltr'>Scuto</span> <span class='ocrx_word' id='word_1_106' title='bbox 352 1668 451 1700; x_wconf 82' lang='lat' dir='ltr'>bonae</span> <span class='ocrx_word' id='word_1_107' title='bbox 477 1667 644 1699; x_wconf 83' lang='lat' dir='ltr'>voluntatis</span> 
     </span>
    </p>
   </div>
   <div class='ocr_carea' id='block_1_18' title="bbox 234 1714 708 1845">
    <p class='ocr_par' dir='ltr' id='par_1_21' title="bbox 234 1714 708 1845">
     <span class='ocr_line' id='line_1_34' title="bbox 279 1714 590 1753; baseline 0 -9"><span class='ocrx_word' id='word_1_108' title='bbox 279 1714 340 1745; x_wconf 91' lang='lat' dir='ltr'>Dei</span> <span class='ocrx_word' id='word_1_109' title='bbox 364 1714 414 1745; x_wconf 90' lang='lat' dir='ltr'>vir</span> <span class='ocrx_word' id='word_1_110' title='bbox 437 1714 590 1753; x_wconf 85' lang='lat' dir='ltr'>innititur,</span> 
     </span>
     <span class='ocr_line' id='line_1_35' title="bbox 234 1759 708 1799; baseline -0.002 -8"><span class='ocrx_word' id='word_1_111' title='bbox 234 1760 295 1792; x_wconf 87' lang='lat' dir='ltr'>Per</span> <span class='ocrx_word' id='word_1_112' title='bbox 318 1761 402 1799; x_wconf 82' lang='lat' dir='ltr'>quod</span> <span class='ocrx_word' id='word_1_113' title='bbox 426 1761 524 1791; x_wconf 88' lang='lat' dir='ltr'>nubes</span> <span class='ocrx_word' id='word_1_114' title='bbox 551 1759 708 1791; x_wconf 86' lang='lat' dir='ltr'>caecitatis</span> 
     </span>
     <span class='ocr_line' id='line_1_36' title="bbox 278 1805 635 1845; baseline -0.003 -8"><span class='ocrx_word' id='word_1_115' title='bbox 278 1807 309 1837; x_wconf 78' lang='lat' dir='ltr'>A</span> <span class='ocrx_word' id='word_1_116' title='bbox 333 1806 476 1845; x_wconf 70' lang='lat' dir='ltr'>Syl-anna</span> <span class='ocrx_word' id='word_1_117' title='bbox 497 1805 635 1844; x_wconf 85' lang='lat' dir='ltr'>pellitur.</span> 
     </span>
    </p>
   </div>
   <div class='ocr_carea' id='block_1_19' title="bbox 201 1855 673 1892">
    <p class='ocr_par' dir='ltr' id='par_1_22' title="bbox 201 1855 673 1892">
     <span class='ocr_line' id='line_1_37' title="bbox 201 1855 673 1892; baseline -0.002 0"><span class='ocrx_word' id='word_1_118' title='bbox 201 1885 207 1891; x_wconf 94' lang='lat'><strong><em>.</em></strong></span> <span class='ocrx_word' id='word_1_119' title='bbox 233 1860 318 1892; x_wconf 86' lang='lat' dir='ltr'>Hinc</span> <span class='ocrx_word' id='word_1_120' title='bbox 339 1862 459 1892; x_wconf 82' lang='lat' dir='ltr'>honore</span> <span class='ocrx_word' id='word_1_121' title='bbox 485 1855 673 1892; x_wconf 72' lang='lat' dir='ltr'>coronatur&#39;</span> 
     </span>
    </p>
   </div>
   <div class='ocr_carea' id='block_1_20' title="bbox 231 1907 625 2039">
    <p class='ocr_par' dir='ltr' id='par_1_23' title="bbox 231 1907 625 2039">
     <span class='ocr_line' id='line_1_38' title="bbox 282 1907 594 1948; baseline -0.006 -9"><span class='ocrx_word' id='word_1_122' title='bbox 282 1907 451 1939; x_wconf 80' lang='lat' dir='ltr'>Pastoralis</span> <span class='ocrx_word' id='word_1_123' title='bbox 476 1907 594 1948; x_wconf 81' lang='lat' dir='ltr'>gloriae</span> 
     </span>
     <span class='ocr_line' id='line_1_39' title="bbox 231 1953 607 1994; baseline -0.003 -9"><span class='ocrx_word' id='word_1_124' title='bbox 231 1953 274 1986; x_wconf 81' lang='lat' dir='ltr'>Et</span> <span class='ocrx_word' id='word_1_125' title='bbox 298 1956 430 1994; x_wconf 85' lang='lat' dir='ltr'>patrono</span> <span class='ocrx_word' id='word_1_126' title='bbox 455 1954 607 1994; x_wconf 86' lang='lat' dir='ltr'>gloriatur</span> 
     </span>
     <span class='ocr_line' id='line_1_40' title="bbox 280 1999 625 2039; baseline 0.006 -8"><span class='ocrx_word' id='word_1_127' title='bbox 280 2001 351 2032; x_wconf 81' lang='lat' dir='ltr'>Tali</span> <span class='ocrx_word' id='word_1_128' title='bbox 374 2000 464 2039; x_wconf 87' lang='lat' dir='ltr'>plebs</span> <span class='ocrx_word' id='word_1_129' title='bbox 488 1999 625 2033; x_wconf 85' lang='lat' dir='ltr'>Aretiae.</span> 
     </span>
    </p>
   </div>
   <div class='ocr_carea' id='block_1_21' title="bbox 371 2083 574 2118">
    <p class='ocr_par' dir='ltr' id='par_1_24' title="bbox 371 2083 574 2118">
     <span class='ocr_line' id='line_1_41' title="bbox 371 2083 574 2118; baseline -0.01 -8"><span class='ocrx_word' id='word_1_130' title='bbox 371 2083 574 2118; x_wconf 82' lang='lat' dir='ltr'>Responsoria.</span> 
     </span>
    </p>
   </div>
   <div class='ocr_carea' id='block_1_22' title="bbox 199 2139 587 2172">
    <p class='ocr_par' dir='ltr' id='par_1_25' title="bbox 199 2139 587 2172">
     <span class='ocr_line' id='line_1_42' title="bbox 199 2139 587 2172; baseline -0.005 0"><span class='ocrx_word' id='word_1_131' title='bbox 199 2164 206 2171; x_wconf 90' lang='lat'><em>.</em></span> <span class='ocrx_word' id='word_1_132' title='bbox 232 2140 281 2172; x_wconf 82' lang='lat' dir='ltr'>Ex</span> <span class='ocrx_word' id='word_1_133' title='bbox 306 2140 420 2171; x_wconf 84' lang='lat' dir='ltr'>levitae</span> <span class='ocrx_word' id='word_1_134' title='bbox 444 2139 587 2171; x_wconf 85' lang='lat' dir='ltr'>manibus</span> 
     </span>
    </p>
   </div>
   <div class='ocr_carea' id='block_1_23' title="bbox 232 2185 656 2321">
    <p class='ocr_par' dir='ltr' id='par_1_26' title="bbox 232 2185 656 2321">
     <span class='ocr_line' id='line_1_43' title="bbox 279 2185 654 2226; baseline -0.008 -7"><span class='ocrx_word' id='word_1_135' title='bbox 279 2187 368 2221; x_wconf 78' lang='lat' dir='ltr'>Calix</span> <span class='ocrx_word' id='word_1_136' title='bbox 391 2187 498 2226; x_wconf 78' lang='lat' dir='ltr'>lapsus</span> <span class='ocrx_word' id='word_1_137' title='bbox 524 2185 654 2225; x_wconf 77' lang='lat' dir='ltr'>crepuit,</span> 
     </span>
     <span class='ocr_line' id='line_1_44' title="bbox 232 2232 656 2273; baseline -0.005 -8"><span class='ocrx_word' id='word_1_138' title='bbox 232 2234 329 2273; x_wconf 81' lang='lat' dir='ltr'>Quem</span> <span class='ocrx_word' id='word_1_139' title='bbox 354 2233 402 2266; x_wconf 86' lang='lat' dir='ltr'>vir</span> <span class='ocrx_word' id='word_1_140' title='bbox 426 2233 485 2266; x_wconf 90' lang='lat' dir='ltr'>Dei</span> <span class='ocrx_word' id='word_1_141' title='bbox 510 2232 656 2273; x_wconf 82' lang='lat' dir='ltr'>precibus</span> 
     </span>
     <span class='ocr_line' id='line_1_45' title="bbox 277 2280 605 2321; baseline -0.006 -9"><span class='ocrx_word' id='word_1_142' title='bbox 277 2281 436 2321; x_wconf 82' lang='lat' dir='ltr'>Integrum</span> <span class='ocrx_word' id='word_1_143' title='bbox 460 2280 605 2312; x_wconf 82' lang='lat' dir='ltr'>restituit.</span> 
     </span>
    </p>
   </div>
   <div class='ocr_carea' id='block_1_24' title="bbox 838 169 1446 207">
    <p class='ocr_par' dir='ltr' id='par_1_27' title="bbox 838 169 1446 207">
     <span class='ocr_line' id='line_1_46' title="bbox 838 169 1446 207; baseline -0.003 -6"><span class='ocrx_word' id='word_1_144' title='bbox 838 169 874 201; x_wconf 90' lang='lat' dir='ltr'>V.</span> <span class='ocrx_word' id='word_1_145' title='bbox 904 169 1100 201; x_wconf 69' lang='lat' dir='ltr'>Voluntatem</span> <span class='ocrx_word' id='word_1_146' title='bbox 1134 169 1312 201; x_wconf 73' lang='lat' dir='ltr'>timentium</span> <span class='ocrx_word' id='word_1_147' title='bbox 1339 178 1372 200; x_wconf 86' lang='lat' dir='ltr'>se</span> <span class='ocrx_word' id='word_1_148' title='bbox 1396 169 1446 207; x_wconf 77' lang='lat' dir='ltr'>fa-</span> 
     </span>
    </p>
   </div>
   <div class='ocr_carea' id='block_1_25' title="bbox 904 214 1447 293">
    <p class='ocr_par' dir='ltr' id='par_1_28' title="bbox 904 214 1447 293">
     <span class='ocr_line' id='line_1_47' title="bbox 904 214 1447 254; baseline -0.002 -8"><span class='ocrx_word' id='word_1_149' title='bbox 904 215 945 247; x_wconf 77' lang='lat' dir='ltr'>cit</span> <span class='ocrx_word' id='word_1_150' title='bbox 962 215 1123 247; x_wconf 71' lang='lat' dir='ltr'>Dominus</span> <span class='ocrx_word' id='word_1_151' title='bbox 1147 217 1175 246; x_wconf 80' lang='lat' dir='ltr'>et</span> <span class='ocrx_word' id='word_1_152' title='bbox 1199 214 1447 254; x_wconf 62' lang='lat' dir='ltr'>deprecationmn</span> 
     </span>
     <span class='ocr_line' id='line_1_48' title="bbox 904 261 1174 293; baseline -0.004 0"><span class='ocrx_word' id='word_1_153' title='bbox 904 271 1015 293; x_wconf 78' lang='lat' dir='ltr'>eorum</span> <span class='ocrx_word' id='word_1_154' title='bbox 1038 261 1174 293; x_wconf 68' lang='lat' dir='ltr'>exaudit.</span> 
     </span>
    </p>
   </div>
   <div class='ocr_carea' id='block_1_26' title="bbox 871 315 1273 354">
    <p class='ocr_par' dir='ltr' id='par_1_29' title="bbox 871 315 1273 354">
     <span class='ocr_line' id='line_1_49' title="bbox 871 315 1273 354; baseline -0.005 -6"><span class='ocrx_word' id='word_1_155' title='bbox 871 341 878 348; x_wconf 94' lang='lat'><em>.</em></span> <span class='ocrx_word' id='word_1_156' title='bbox 902 317 941 348; x_wconf 84' lang='lat' dir='ltr'>In</span> <span class='ocrx_word' id='word_1_157' title='bbox 963 317 1092 347; x_wconf 81' lang='lat' dir='ltr'>tutelam</span> <span class='ocrx_word' id='word_1_158' title='bbox 1116 315 1176 346; x_wconf 84' lang='lat' dir='ltr'>Dei</span> <span class='ocrx_word' id='word_1_159' title='bbox 1196 315 1273 354; x_wconf 78' lang='lat' dir='ltr'>jecit</span> 
     </span>
    </p>
   </div>
   <div class='ocr_carea' id='block_1_27' title="bbox 902 361 1355 492">
    <p class='ocr_par' dir='ltr' id='par_1_30' title="bbox 902 361 1355 492">
     <span class='ocr_line' id='line_1_50' title="bbox 904 361 1278 400; baseline -0.003 -7"><span class='ocrx_word' id='word_1_160' title='bbox 904 362 998 400; x_wconf 85' lang='lat' dir='ltr'>Spem</span> <span class='ocrx_word' id='word_1_161' title='bbox 1021 361 1278 399; x_wconf 83' lang='lat' dir='ltr'>indissolubilem,</span> 
     </span>
     <span class='ocr_line' id='line_1_51' title="bbox 902 406 1355 439; baseline -0.004 0"><span class='ocrx_word' id='word_1_162' title='bbox 902 408 983 439; x_wconf 89' lang='lat' dir='ltr'>Dum</span> <span class='ocrx_word' id='word_1_163' title='bbox 1009 408 1173 439; x_wconf 85' lang='lat' dir='ltr'>draconem</span> <span class='ocrx_word' id='word_1_164' title='bbox 1197 406 1355 439; x_wconf 80' lang='lat' dir='ltr'>interfecit</span> 
     </span>
     <span class='ocr_line' id='line_1_52' title="bbox 903 453 1337 492; baseline 0 -8"><span class='ocrx_word' id='word_1_165' title='bbox 903 453 1034 484; x_wconf 82' lang='lat' dir='ltr'>Fontem</span> <span class='ocrx_word' id='word_1_166' title='bbox 1061 454 1137 485; x_wconf 82' lang='lat' dir='ltr'>dans</span> <span class='ocrx_word' id='word_1_167' title='bbox 1160 453 1337 492; x_wconf 67' lang='lat' dir='ltr'>potabilem.</span> 
     </span>
    </p>
   </div>
   <div class='ocr_carea' id='block_1_28' title="bbox 868 499 1447 531">
    <p class='ocr_par' dir='ltr' id='par_1_31' title="bbox 868 499 1447 531">
     <span class='ocr_line' id='line_1_53' title="bbox 868 499 1447 531; baseline -0.003 0"><span class='ocrx_word' id='word_1_168' title='bbox 868 523 875 531; x_wconf 87' lang='lat'><em>.</em></span> <span class='ocrx_word' id='word_1_169' title='bbox 900 499 998 531; x_wconf 74' lang='lat' dir='ltr'>Eruit</span> <span class='ocrx_word' id='word_1_170' title='bbox 1022 509 1043 530; x_wconf 84' lang='lat' dir='ltr'>a</span> <span class='ocrx_word' id='word_1_171' title='bbox 1065 502 1163 531; x_wconf 73' lang='lat' dir='ltr'>morte</span> <span class='ocrx_word' id='word_1_172' title='bbox 1188 500 1314 531; x_wconf 69' lang='lat' dir='ltr'>animus</span> <span class='ocrx_word' id='word_1_173' title='bbox 1333 499 1447 531; x_wconf 62' lang='lat' dir='ltr'>cic-imm</span> 
     </span>
    </p>
   </div>
   <div class='ocr_carea' id='block_1_29' title="bbox 901 545 1397 584">
    <p class='ocr_par' dir='ltr' id='par_1_32' title="bbox 901 545 1397 584">
     <span class='ocr_line' id='line_1_54' title="bbox 901 545 1397 584; baseline 0.004 -8"><span class='ocrx_word' id='word_1_174' title='bbox 901 554 1033 577; x_wconf 74' lang='lat' dir='ltr'>suorum</span> <span class='ocrx_word' id='word_1_175' title='bbox 1057 545 1144 576; x_wconf 80' lang='lat' dir='ltr'>alens</span> <span class='ocrx_word' id='word_1_176' title='bbox 1167 553 1219 576; x_wconf 79' lang='lat' dir='ltr'>eas</span> <span class='ocrx_word' id='word_1_177' title='bbox 1246 546 1277 577; x_wconf 75' lang='lat' dir='ltr'>in</span> <span class='ocrx_word' id='word_1_178' title='bbox 1303 546 1397 584; x_wconf 74' lang='lat' dir='ltr'>fame.</span> 
     </span>
    </p>
   </div>
   <div class='ocr_carea' id='block_1_30' title="bbox 870 599 1290 637">
    <p class='ocr_par' dir='ltr' id='par_1_33' title="bbox 870 599 1290 637">
     <span class='ocr_line' id='line_1_55' title="bbox 870 599 1290 637; baseline -0.002 -6"><span class='ocrx_word' id='word_1_179' title='bbox 870 626 877 634; x_wconf 82' lang='lat'>‚</span> <span class='ocrx_word' id='word_1_180' title='bbox 902 599 1061 632; x_wconf 85' lang='lat' dir='ltr'>Mortuum</span> <span class='ocrx_word' id='word_1_181' title='bbox 1085 600 1290 637; x_wconf 70' lang='lat' dir='ltr'>resuscitavit,</span> 
     </span>
    </p>
   </div>
   <div class='ocr_carea' id='block_1_31' title="bbox 903 646 1381 775">
    <p class='ocr_par' dir='ltr' id='par_1_34' title="bbox 903 646 1381 775">
     <span class='ocr_line' id='line_1_56' title="bbox 903 646 1269 684; baseline 0 -8"><span class='ocrx_word' id='word_1_182' title='bbox 903 646 961 684; x_wconf 79' lang='lat' dir='ltr'>Qui</span> <span class='ocrx_word' id='word_1_183' title='bbox 986 646 1119 676; x_wconf 79' lang='lat' dir='ltr'>convicit</span> <span class='ocrx_word' id='word_1_184' title='bbox 1143 646 1269 684; x_wconf 89' lang='lat' dir='ltr'>impium</span> 
     </span>
     <span class='ocr_line' id='line_1_57' title="bbox 903 692 1381 730; baseline 0 -8"><span class='ocrx_word' id='word_1_185' title='bbox 903 692 1098 730; x_wconf 81' lang='lat' dir='ltr'>Exactorem‚</span> <span class='ocrx_word' id='word_1_186' title='bbox 1126 692 1175 722; x_wconf 87' lang='lat' dir='ltr'>cui</span> <span class='ocrx_word' id='word_1_187' title='bbox 1198 692 1381 724; x_wconf 75' lang='lat' dir='ltr'>monstravit</span> 
     </span>
     <span class='ocr_line' id='line_1_58' title="bbox 904 736 1261 775; baseline 0 -8"><span class='ocrx_word' id='word_1_188' title='bbox 904 736 1021 775; x_wconf 73' lang='lat' dir='ltr'>scripti</span> <span class='ocrx_word' id='word_1_189' title='bbox 1043 736 1261 768; x_wconf 82' lang='lat' dir='ltr'>testimonium.</span> 
     </span>
    </p>
   </div>
   <div class='ocr_carea' id='block_1_32' title="bbox 868 782 1447 822">
    <p class='ocr_par' dir='ltr' id='par_1_35' title="bbox 868 782 1447 822">
     <span class='ocr_line' id='line_1_59' title="bbox 868 782 1447 822; baseline 0.003 -9"><span class='ocrx_word' id='word_1_190' title='bbox 868 806 876 813; x_wconf 88' lang='lat'>.</span> <span class='ocrx_word' id='word_1_191' title='bbox 902 782 985 822; x_wconf 71' lang='lat' dir='ltr'>Quia</span> <span class='ocrx_word' id='word_1_192' title='bbox 1013 782 1115 814; x_wconf 79' lang='lat' dir='ltr'>dolose</span> <span class='ocrx_word' id='word_1_193' title='bbox 1139 782 1199 822; x_wconf 62' lang='lat' dir='ltr'>egit</span> <span class='ocrx_word' id='word_1_194' title='bbox 1225 782 1258 813; x_wconf 63' lang='lat' dir='ltr'>,toz</span> <span class='ocrx_word' id='word_1_195' title='bbox 1284 786 1447 821; x_wconf 58' lang='lat' dir='ltr'>conspeetu-</span> 
     </span>
    </p>
   </div>
   <div class='ocr_carea' id='block_1_33' title="bbox 901 826 1445 913">
    <p class='ocr_par' dir='ltr' id='par_1_36' title="bbox 901 826 1445 913">
     <span class='ocr_line' id='line_1_60' title="bbox 901 826 1445 866; baseline 0.002 -8"><span class='ocrx_word' id='word_1_196' title='bbox 901 826 1054 866; x_wconf 60' lang='lat' dir='ltr'>Domini,</span> <span class='ocrx_word' id='word_1_197' title='bbox 1088 830 1125 859; x_wconf 71' lang='lat' dir='ltr'>ut</span> <span class='ocrx_word' id='word_1_198' title='bbox 1159 828 1353 860; x_wconf 65' lang='lat' dir='ltr'>inveniretur</span> <span class='ocrx_word' id='word_1_199' title='bbox 1386 829 1445 859; x_wconf 73' lang='lat' dir='ltr'>ini-</span> 
     </span>
     <span class='ocr_line' id='line_1_61' title="bbox 904 873 1110 913; baseline 0.005 -8"><span class='ocrx_word' id='word_1_200' title='bbox 904 874 1009 912; x_wconf 73' lang='lat' dir='ltr'>quitus</span> <span class='ocrx_word' id='word_1_201' title='bbox 1034 873 1110 913; x_wconf 67' lang='lat' dir='ltr'>effus.</span> 
     </span>
    </p>
   </div>
   <div class='ocr_carea' id='block_1_34' title="bbox 965 978 1319 1078">
    <p class='ocr_par' dir='ltr' id='par_1_37' title="bbox 965 978 1319 1078">
     <span class='ocr_line' id='line_1_62' title="bbox 965 978 1319 1012; baseline -0.006 -1"><span class='ocrx_word' id='word_1_202' title='bbox 965 980 1011 1011; x_wconf 87' lang='lat' dir='ltr'>In</span> <span class='ocrx_word' id='word_1_203' title='bbox 1037 981 1068 1012; x_wconf 82' lang='lat'>3.</span> <span class='ocrx_word' id='word_1_204' title='bbox 1094 978 1319 1010; x_wconf 77' lang='lat' dir='ltr'>Nocturno.</span> 
     </span>
     <span class='ocr_line' id='line_1_63' title="bbox 1045 1042 1222 1078; baseline 0.006 -10"><span class='ocrx_word' id='word_1_205' title='bbox 1045 1042 1222 1078; x_wconf 74' lang='lat' dir='ltr'>Antiphonae</span> 
     </span>
    </p>
   </div>
   <div class='ocr_carea' id='block_1_35' title="bbox 870 1097 1280 1131">
    <p class='ocr_par' dir='ltr' id='par_1_38' title="bbox 870 1097 1280 1131">
     <span class='ocr_line' id='line_1_64' title="bbox 870 1097 1280 1131; baseline -0.005 0"><span class='ocrx_word' id='word_1_206' title='bbox 870 1124 876 1131; x_wconf 95' lang='lat'>.</span> <span class='ocrx_word' id='word_1_207' title='bbox 904 1097 1069 1130; x_wconf 81' lang='lat' dir='ltr'>Confidens</span> <span class='ocrx_word' id='word_1_208' title='bbox 1093 1099 1124 1130; x_wconf 84' lang='lat' dir='ltr'>in</span> <span class='ocrx_word' id='word_1_209' title='bbox 1147 1098 1280 1129; x_wconf 82' lang='lat' dir='ltr'>Domino</span> 
     </span>
    </p>
   </div>
   <div class='ocr_carea' id='block_1_36' title="bbox 901 1144 1236 1267">
    <p class='ocr_par' dir='ltr' id='par_1_39' title="bbox 901 1144 1236 1267">
     <span class='ocr_line' id='line_1_65' title="bbox 948 1144 1236 1184; baseline 0 -9"><span class='ocrx_word' id='word_1_210' title='bbox 948 1144 1043 1184; x_wconf 74' lang='lat' dir='ltr'>Regis</span> <span class='ocrx_word' id='word_1_211' title='bbox 1067 1144 1236 1176; x_wconf 72' lang='lat' dir='ltr'>Theodosii</span> 
     </span>
     <span class='ocr_line' id='line_1_66' title="bbox 901 1189 1191 1229; baseline 0 -8"><span class='ocrx_word' id='word_1_212' title='bbox 901 1189 1015 1222; x_wconf 86' lang='lat' dir='ltr'>Filiam</span> <span class='ocrx_word' id='word_1_213' title='bbox 1040 1200 1059 1221; x_wconf 88' lang='lat' dir='ltr'>a</span> <span class='ocrx_word' id='word_1_214' title='bbox 1081 1191 1191 1229; x_wconf 83' lang='lat' dir='ltr'>laqueo</span> 
     </span>
     <span class='ocr_line' id='line_1_67' title="bbox 948 1236 1226 1267; baseline -0.004 0"><span class='ocrx_word' id='word_1_215' title='bbox 948 1236 1039 1267; x_wconf 88' lang='lat' dir='ltr'>Eruit</span> <span class='ocrx_word' id='word_1_216' title='bbox 1064 1236 1226 1267; x_wconf 84' lang='lat' dir='ltr'>daemonii.</span> 
     </span>
    </p>
   </div>
   <div class='ocr_carea' id='block_1_37' title="bbox 869 1291 1289 1330">
    <p class='ocr_par' dir='ltr' id='par_1_40' title="bbox 869 1291 1289 1330">
     <span class='ocr_line' id='line_1_68' title="bbox 869 1291 1289 1330; baseline -0.01 -5"><span class='ocrx_word' id='word_1_217' title='bbox 869 1317 877 1325; x_wconf 90' lang='lat'><strong><em>.</em></strong></span> <span class='ocrx_word' id='word_1_218' title='bbox 902 1292 964 1322; x_wconf 83' lang='lat' dir='ltr'>Hic</span> <span class='ocrx_word' id='word_1_219' title='bbox 986 1292 1019 1322; x_wconf 94' lang='lat' dir='ltr'>in</span> <span class='ocrx_word' id='word_1_220' title='bbox 1043 1295 1148 1322; x_wconf 89' lang='lat' dir='ltr'>monte</span> <span class='ocrx_word' id='word_1_221' title='bbox 1171 1291 1289 1330; x_wconf 74' lang='lat' dir='ltr'>studuit</span> 
     </span>
    </p>
   </div>
   <div class='ocr_carea' id='block_1_38' title="bbox 900 1337 1406 1469">
    <p class='ocr_par' dir='ltr' id='par_1_41' title="bbox 900 1337 1406 1469">
     <span class='ocr_line' id='line_1_69' title="bbox 944 1337 1234 1378; baseline -0.007 -9"><span class='ocrx_word' id='word_1_222' title='bbox 944 1337 1006 1369; x_wconf 89' lang='lat' dir='ltr'>Dei</span> <span class='ocrx_word' id='word_1_223' title='bbox 1030 1338 1234 1378; x_wconf 86' lang='lat' dir='ltr'>requiescere,</span> 
     </span>
     <span class='ocr_line' id='line_1_70' title="bbox 900 1382 1288 1414; baseline -0.005 0"><span class='ocrx_word' id='word_1_224' title='bbox 900 1383 982 1414; x_wconf 83' lang='lat' dir='ltr'>Dum</span> <span class='ocrx_word' id='word_1_225' title='bbox 1004 1391 1073 1414; x_wconf 83' lang='lat' dir='ltr'>cum</span> <span class='ocrx_word' id='word_1_226' title='bbox 1096 1383 1160 1414; x_wconf 84' lang='lat' dir='ltr'>suis</span> <span class='ocrx_word' id='word_1_227' title='bbox 1185 1382 1288 1413; x_wconf 84' lang='lat' dir='ltr'>docuit</span> 
     </span>
     <span class='ocr_line' id='line_1_71' title="bbox 945 1428 1406 1469; baseline -0.007 -8"><span class='ocrx_word' id='word_1_228' title='bbox 945 1429 1061 1469; x_wconf 81' lang='lat' dir='ltr'>Regem</span> <span class='ocrx_word' id='word_1_229' title='bbox 1088 1429 1243 1461; x_wconf 87' lang='lat' dir='ltr'>Christum</span> <span class='ocrx_word' id='word_1_230' title='bbox 1269 1428 1406 1459; x_wconf 79' lang='lat' dir='ltr'>credere.</span> 
     </span>
    </p>
   </div>
   <div class='ocr_carea' id='block_1_39' title="bbox 869 1482 1252 1524">
    <p class='ocr_par' dir='ltr' id='par_1_42' title="bbox 869 1482 1252 1524">
     <span class='ocr_line' id='line_1_72' title="bbox 869 1482 1252 1524; baseline -0.003 -9"><span class='ocrx_word' id='word_1_231' title='bbox 869 1509 875 1515; x_wconf 96' lang='lat'>.</span> <span class='ocrx_word' id='word_1_232' title='bbox 902 1484 938 1515; x_wconf 89' lang='lat' dir='ltr'>In</span> <span class='ocrx_word' id='word_1_233' title='bbox 959 1484 1083 1524; x_wconf 86' lang='lat' dir='ltr'>virtute,</span> <span class='ocrx_word' id='word_1_234' title='bbox 1110 1482 1252 1521; x_wconf 81' lang='lat' dir='ltr'>Domine,</span> 
     </span>
    </p>
   </div>
   <div class='ocr_carea' id='block_1_40' title="bbox 901 1530 1299 1661">
    <p class='ocr_par' dir='ltr' id='par_1_43' title="bbox 901 1530 1299 1661">
     <span class='ocr_line' id='line_1_73' title="bbox 948 1530 1263 1568; baseline -0.003 -7"><span class='ocrx_word' id='word_1_235' title='bbox 948 1530 1016 1561; x_wconf 80' lang='lat' dir='ltr'>Tua</span> <span class='ocrx_word' id='word_1_236' title='bbox 1038 1539 1095 1561; x_wconf 83' lang='lat' dir='ltr'>rex</span> <span class='ocrx_word' id='word_1_237' title='bbox 1119 1530 1263 1568; x_wconf 82' lang='lat' dir='ltr'>laetatur,</span> 
     </span>
     <span class='ocr_line' id='line_1_74' title="bbox 901 1576 1265 1608; baseline -0.003 -1"><span class='ocrx_word' id='word_1_238' title='bbox 901 1576 983 1608; x_wconf 91' lang='lat' dir='ltr'>Dum</span> <span class='ocrx_word' id='word_1_239' title='bbox 1006 1576 1038 1607; x_wconf 89' lang='lat' dir='ltr'>in</span> <span class='ocrx_word' id='word_1_240' title='bbox 1064 1580 1116 1607; x_wconf 80' lang='lat' dir='ltr'>tuo</span> <span class='ocrx_word' id='word_1_241' title='bbox 1141 1576 1265 1607; x_wconf 87' lang='lat' dir='ltr'>nomine</span> 
     </span>
     <span class='ocr_line' id='line_1_75' title="bbox 948 1622 1299 1661; baseline -0.006 -7"><span class='ocrx_word' id='word_1_242' title='bbox 948 1622 1087 1654; x_wconf 82' lang='lat' dir='ltr'>Oredens</span> <span class='ocrx_word' id='word_1_243' title='bbox 1112 1622 1299 1661; x_wconf 81' lang='lat' dir='ltr'>baptizatur.</span> 
     </span>
    </p>
   </div>
   <div class='ocr_carea' id='block_1_41' title="bbox 1042 1705 1243 1739">
    <p class='ocr_par' dir='ltr' id='par_1_44' title="bbox 1042 1705 1243 1739">
     <span class='ocr_line' id='line_1_76' title="bbox 1042 1705 1243 1739; baseline -0.01 -7"><span class='ocrx_word' id='word_1_244' title='bbox 1042 1705 1243 1739; x_wconf 62' lang='lat' dir='ltr'>Responsoria.</span> 
     </span>
    </p>
   </div>
   <div class='ocr_carea' id='block_1_42' title="bbox 869 1755 1301 1793">
    <p class='ocr_par' dir='ltr' id='par_1_45' title="bbox 869 1755 1301 1793">
     <span class='ocr_line' id='line_1_77' title="bbox 869 1755 1301 1793; baseline -0.012 -4"><span class='ocrx_word' id='word_1_245' title='bbox 869 1783 875 1789; x_wconf 95' lang='lat'>.</span> <span class='ocrx_word' id='word_1_246' title='bbox 900 1757 985 1788; x_wconf 85' lang='lat' dir='ltr'>Ecce</span> <span class='ocrx_word' id='word_1_247' title='bbox 1008 1765 1105 1787; x_wconf 86' lang='lat' dir='ltr'>novus</span> <span class='ocrx_word' id='word_1_248' title='bbox 1128 1755 1180 1786; x_wconf 87' lang='lat' dir='ltr'>hic</span> <span class='ocrx_word' id='word_1_249' title='bbox 1203 1755 1301 1793; x_wconf 80' lang='lat' dir='ltr'>Elias,</span> 
     </span>
    </p>
   </div>
   <div class='ocr_carea' id='block_1_43' title="bbox 902 1800 1396 1927">
    <p class='ocr_par' dir='ltr' id='par_1_46' title="bbox 902 1800 1396 1927">
     <span class='ocr_line' id='line_1_78' title="bbox 946 1800 1396 1840; baseline -0.009 -6"><span class='ocrx_word' id='word_1_250' title='bbox 946 1803 1010 1835; x_wconf 83' lang='lat' dir='ltr'>Per</span> <span class='ocrx_word' id='word_1_251' title='bbox 1033 1810 1123 1840; x_wconf 78' lang='lat' dir='ltr'>quem</span> <span class='ocrx_word' id='word_1_252' title='bbox 1146 1804 1250 1832; x_wconf 78' lang='lat' dir='ltr'>terrae</span> <span class='ocrx_word' id='word_1_253' title='bbox 1272 1800 1396 1831; x_wconf 85' lang='lat' dir='ltr'>siccitas</span> 
     </span>
     <span class='ocr_line' id='line_1_79' title="bbox 902 1847 1280 1887; baseline -0.008 -7"><span class='ocrx_word' id='word_1_254' title='bbox 902 1848 1056 1887; x_wconf 82' lang='lat' dir='ltr'>Irrigatur</span> <span class='ocrx_word' id='word_1_255' title='bbox 1078 1855 1136 1885; x_wconf 81' lang='lat' dir='ltr'>per</span> <span class='ocrx_word' id='word_1_256' title='bbox 1158 1847 1280 1885; x_wconf 82' lang='lat' dir='ltr'>pluvias</span> 
     </span>
     <span class='ocr_line' id='line_1_80' title="bbox 948 1893 1292 1927; baseline -0.012 0"><span class='ocrx_word' id='word_1_257' title='bbox 948 1895 1047 1927; x_wconf 84' lang='lat' dir='ltr'>Prece</span> <span class='ocrx_word' id='word_1_258' title='bbox 1071 1902 1127 1924; x_wconf 80' lang='lat' dir='ltr'>sua</span> <span class='ocrx_word' id='word_1_259' title='bbox 1150 1893 1292 1924; x_wconf 83' lang='lat' dir='ltr'>traditas.</span> 
     </span>
    </p>
   </div>
   <div class='ocr_carea' id='block_1_44' title="bbox 868 1939 1449 1979">
    <p class='ocr_par' dir='ltr' id='par_1_47' title="bbox 868 1939 1449 1979">
     <span class='ocr_line' id='line_1_81' title="bbox 868 1939 1449 1979; baseline -0.005 -6"><span class='ocrx_word' id='word_1_260' title='bbox 868 1941 1062 1973; x_wconf 59' lang='lat' dir='ltr'>.Dom1·22us</span> <span class='ocrx_word' id='word_1_261' title='bbox 1102 1939 1186 1971; x_wconf 73' lang='lat' dir='ltr'>dedit</span> <span class='ocrx_word' id='word_1_262' title='bbox 1225 1939 1449 1979; x_wconf 62' lang='lat' dir='ltr'>benignitatem</span> 
     </span>
    </p>
   </div>
   <div class='ocr_carea' id='block_1_45' title="bbox 903 1986 1435 2025">
    <p class='ocr_par' dir='ltr' id='par_1_48' title="bbox 903 1986 1435 2025">
     <span class='ocr_line' id='line_1_82' title="bbox 903 1986 1435 2025; baseline -0.002 -6"><span class='ocrx_word' id='word_1_263' title='bbox 903 1990 931 2019; x_wconf 73' lang='lat' dir='ltr'>et</span> <span class='ocrx_word' id='word_1_264' title='bbox 953 1988 1039 2019; x_wconf 74' lang='lat' dir='ltr'>terra</span> <span class='ocrx_word' id='word_1_265' title='bbox 1063 1986 1147 2018; x_wconf 75' lang='lat' dir='ltr'>dedit</span> <span class='ocrx_word' id='word_1_266' title='bbox 1169 1986 1308 2025; x_wconf 70' lang='lat' dir='ltr'>fructum</span> <span class='ocrx_word' id='word_1_267' title='bbox 1332 1994 1435 2018; x_wconf 71' lang='lat' dir='ltr'>suum.</span> 
     </span>
    </p>
   </div>
   <div class='ocr_carea' id='block_1_46' title="bbox 872 2042 1362 2081">
    <p class='ocr_par' dir='ltr' id='par_1_49' title="bbox 872 2042 1362 2081">
     <span class='ocr_line' id='line_1_83' title="bbox 872 2042 1362 2081; baseline -0.008 -5"><span class='ocrx_word' id='word_1_268' title='bbox 872 2070 878 2076; x_wconf 93' lang='lat'>.</span> <span class='ocrx_word' id='word_1_269' title='bbox 903 2042 948 2074; x_wconf 88' lang='lat' dir='ltr'>Ut</span> <span class='ocrx_word' id='word_1_270' title='bbox 971 2042 1113 2074; x_wconf 86' lang='lat' dir='ltr'>Donatus</span> <span class='ocrx_word' id='word_1_271' title='bbox 1135 2044 1362 2081; x_wconf 76' lang='lat' dir='ltr'>praesentetur,</span> 
     </span>
    </p>
   </div>
   <div class='ocr_carea' id='block_1_47' title="bbox 902 2088 1369 2216">
    <p class='ocr_par' dir='ltr' id='par_1_50' title="bbox 902 2088 1369 2216">
     <span class='ocr_line' id='line_1_84' title="bbox 947 2088 1288 2127; baseline -0.003 -7"><span class='ocrx_word' id='word_1_272' title='bbox 947 2088 1035 2121; x_wconf 76' lang='lat' dir='ltr'>Trux</span> <span class='ocrx_word' id='word_1_273' title='bbox 1059 2088 1288 2127; x_wconf 80' lang='lat' dir='ltr'>Quadratianus</span> 
     </span>
     <span class='ocr_line' id='line_1_85' title="bbox 902 2134 1369 2174; baseline -0.006 -5"><span class='ocrx_word' id='word_1_274' title='bbox 902 2135 1007 2174; x_wconf 61' lang='lat' dir='ltr'>«Iubet,</span> <span class='ocrx_word' id='word_1_275' title='bbox 1034 2143 1103 2167; x_wconf 88' lang='lat' dir='ltr'>cum</span> <span class='ocrx_word' id='word_1_276' title='bbox 1127 2143 1186 2174; x_wconf 88' lang='lat' dir='ltr'>quo</span> <span class='ocrx_word' id='word_1_277' title='bbox 1212 2134 1369 2166; x_wconf 86' lang='lat' dir='ltr'>detinetur</span> 
     </span>
     <span class='ocr_line' id='line_1_86' title="bbox 945 2181 1204 2216; baseline -0.004 -3"><span class='ocrx_word' id='word_1_278' title='bbox 945 2181 988 2213; x_wconf 88' lang='lat' dir='ltr'>Et</span> <span class='ocrx_word' id='word_1_279' title='bbox 1012 2181 1204 2216; x_wconf 79' lang='lat' dir='ltr'>Hilarianus¹</span> 
     </span>
    </p>
   </div>
   <div class='ocr_carea' id='block_1_48' title="bbox 867 2226 1453 2268">
    <p class='ocr_par' dir='ltr' id='par_1_51' title="bbox 867 2226 1453 2268">
     <span class='ocr_line' id='line_1_87' title="bbox 867 2226 1453 2268; baseline -0.003 -8"><span class='ocrx_word' id='word_1_280' title='bbox 867 2252 874 2260; x_wconf 93' lang='lat'><strong><em>.</em></strong></span> <span class='ocrx_word' id='word_1_281' title='bbox 903 2226 1091 2260; x_wconf 66' lang='lat' dir='ltr'>considerat</span> <span class='ocrx_word' id='word_1_282' title='bbox 1106 2230 1255 2268; x_wconf 71' lang='lat' dir='ltr'>peccator</span> <span class='ocrx_word' id='word_1_283' title='bbox 1273 2227 1400 2267; x_wconf 71' lang='lat' dir='ltr'>justum</span> <span class='ocrx_word' id='word_1_284' title='bbox 1424 2230 1453 2259; x_wconf 78' lang='lat' dir='ltr'>et</span> 
     </span>
    </p>
   </div>
   <div class='ocr_carea' id='block_1_49' title="bbox 903 2274 1345 2315">
    <p class='ocr_par' dir='ltr' id='par_1_52' title="bbox 903 2274 1345 2315">
     <span class='ocr_line' id='line_1_88' title="bbox 903 2274 1345 2315; baseline -0.002 -8"><span class='ocrx_word' id='word_1_285' title='bbox 903 2275 1026 2315; x_wconf 72' lang='lat' dir='ltr'>Quaerit</span> <span class='ocrx_word' id='word_1_286' title='bbox 1049 2274 1241 2315; x_wconf 71' lang='lat' dir='ltr'>mortificare</span> <span class='ocrx_word' id='word_1_287' title='bbox 1265 2284 1345 2307; x_wconf 73' lang='lat' dir='ltr'>omn.</span> 
     </span>
    </p>
   </div>
  </div>
 </body>
</html>
