1679 2491
697 79 947 115 —185—

617 187 655 218 71.
693 187 736 219 De
757 189 861 220 sancto
882 188 1038 220 Ludovico.

325 262 370 293 In
397 263 426 296 1.
453 263 664 303 vesperis.

396 334 587 371 Antiphonae.

217 411 226 419 .
252 390 441 431 Ludovieus‚
468 393 563 424 decus
587 397 792 437 regnantium,

253 437 380 468 Transit
409 437 485 470 felix
509 440 550 471 ad
576 442 654 472 coeli
677 443 797 483 solium,

255 482 348 522 Cujus
373 493 467 523 prece
491 489 595 518 coetus
619 486 756 520 fidelium

253 529 371 562 Summi
388 531 470 571 regis
487 532 584 564 intret
597 533 630 564 in
643 535 799 574 gaudium.

220 619 227 626 .
255 594 375 633 Gaude,
402 605 527 636 regnum
553 597 716 639 Manciae,

258 641 314 673 Cui
341 642 428 673 dedit
453 651 509 674 rex
529 644 647 683 gloriae

299 687 376 719 Tam
403 690 558 721 excellens
585 690 709 730 donum,

255 734 343 772 Quod
368 737 402 765 tu
426 744 531 775 regem
555 738 716 775 proprium

254 780 361 812 Habes
383 781 417 811 in
442 782 614 813 subsidium

299 828 336 859 In
362 828 447 860 coelo
472 831 647 867 patronum.

222 918 228 924 .
256 892 311 930 Te,
338 893 410 923 dum
434 894 503 932 ipse
527 894 647 925 viveret

256 939 306 970 Ao
331 947 477 971 coronam
501 943 632 980 regeret,

299 985 470 1024 Tamquam
494 995 551 1018 rex
576 986 733 1026 defendit3

255 1031 347 1062 Nunc
371 1033 529 1072 particeps
554 1034 671 1072 gloriae

255 1078 372 1110 Faetus
398 1081 469 1110 tuae
490 1080 601 1111 veniae

299 1124 442 1164 Diligens
466 1125 612 1159 intendit,

220 1214 226 1220 .
253 1189 348 1221 Plebs
375 1198 447 1229 ergo
473 1190 670 1231 Franeigena

259 1236 331 1268 Non
354 1239 512 1276 tamquam
536 1246 610 1276 gens
634 1239 756 1270 advena

303 1282 427 1314 Christo
451 1282 537 1315 refer
560 1284 678 1324 laudes,

254 1329 291 1360 In
318 1330 404 1368 qu'us
428 1330 546 1368 palatio

255 1375 314 1408 Tui
339 1377 514 1415 patrocinio

300 1423 461 1460 Quondam
488 1423 570 1463 regis
595 1424 721 1462 gaudes.

223 1510 229 1517 .
252 1487 290 1518 In
315 1487 407 1518 terris
433 1488 581 1526 regimine

256 1535 305 1566 Ac
328 1534 385 1565 sub
412 1535 479 1573 eJus
502 1534 626 1566 nomine

299 1580 446 1613 Protecta
470 1579 567 1619 fuisti,

254 1627 353 1659 Modo
378 1627 436 1659 tibi
460 1628 592 1667 gratiam

253 1675 406 1714 Impetret
429 1683 466 1705 ac
491 1674 611 1706 veniam

299 1721 337 1754 In
363 1723 529 1760 conspeetu
556 1720 679 1753 Christi.

372 1813 418 1841 Ad
436 1811 614 1849 Magnificat.

220 1905 225 1911 .
253 1879 424 1921 Magnifica
447 1882 535 1920 gesta
560 1879 731 1911 clarissima

299 1927 408 1960 Sancti
430 1926 594 1966 Ludoviei‚

347 1974 462 2006 Divino
488 1973 585 2005 cultui

388 2021 544 2054 Devotum
568 2019 663 2052 hodie

440 2069 593 2100 Praesens
617 2066 791 2106 collegium.

251 2116 346 2155 Cujus
372 2118 481 2148 sancta
501 2113 683 2147 conscendit
699 2113 802 2144 anima

300 2162 363 2194 Sub
390 2161 452 2194 fine
476 2160 562 2193 felici

343 2209 445 2249 Regni
469 2208 614 2249 perpetui

392 2255 468 2288 Cum
492 2256 609 2288 sanctis
632 2254 756 2294 patriae

439 2303 578 2338 sublime
602 2302 724 2335 solima.

869 961 888 991 [Ο

857 2057 893 2090 V.

867 2161 897 2192 3.

985 268 1045 299 Ad
1069 267 1329 300 Matutinum.

1052 331 1263 359 Invitatorium.

922 388 1075 419 Lucloviei
1097 389 1180 420 laeta
1199 388 1348 420 solemnia

921 433 1019 466 Laeta
1045 435 1125 466 colat
1149 437 1248 466 mater
1273 434 1411 466 ecclesia.

987 546 1031 576 In
1056 546 1086 577 1.
1111 545 1335 578 Nocturno.

1063 608 1253 642 Antiphonae.

889 691 895 697 .
922 664 1037 696 Beatus
1062 666 1112 703 qui
1139 666 1259 705 solium,

925 712 992 743 Iter
1016 713 1048 741 et
1072 711 1232 742 eonsilium

966 755 1118 788 Malorum
1148 757 1266 797 vitavit,

923 802 1053 834 Sanctus
1078 803 1116 834 ab
1140 802 1273 835 infantia

921 848 1095 880 Ludovicus
1124 850 1201 880 llaec
1223 850 1286 881 tria

969 894 1099 934 Semper
1123 895 1299 928 declinavit.

893 984 899 990 .
926 959 1026 999 Regni
1049 960 1154 991 sedem
1181 963 1359 991 consecutus

967 1005 1125 1037 Humilem
1149 1015 1183 1037 se
1207 1005 1353 1046 praebuit

923 1052 967 1083 Et
989 1052 1022 1083 in
1046 1052 1120 1084 Sion
1146 1053 1324 1084 constitutus

971 1099 1060 1130 Cultu
1085 1099 1145 1130 Dei
1170 1099 1290 1130 claruit.

893 1188 900 1195 .
926 1162 1092 1202 Susceptus
1116 1164 1157 1195 ad
1180 1164 1324 1195 meritum

971 1209 1078 1241 Gloria
1103 1210 1236 1249 dotatur,

925 1255 1025 1295 Caput
1047 1256 1113 1287 Deo
1138 1256 1295 1287 subditum

969 1302 1061 1334 Coelo
1086 1306 1260 1334 coronatur.

1061 1385 1107 1412 Res,
1113 1387 1263 1420 mensoria.

891 1469 896 1474 .
922 1441 991 1473 Rex
1015 1450 1120 1482 regum
1145 1443 1211 1481 regi
1234 1441 1298 1474 filio

969 1489 1101 1528 Regales
1126 1497 1240 1528 parans
1264 1489 1388 1527 nuptias

922 1535 999 1567 Post
1022 1537 1179 1566 certamen
1201 1536 1235 1567 in
1258 1535 1360 1566 stadio

970 1581 1054 1614 Coeli
1078 1581 1209 1620 praebet
1234 1581 1371 1621 delicias,

925 1628 1068 1660 Glorioso
1094 1629 1244 1659 comercio

920 1676 982 1707 Pro
1007 1683 1101 1714 regno
1126 1675 1342 1714 temporalium

922 1721 1062 1761 Regnum
1086 1722 1180 1753 habet
1203 1721 1381 1752 coelestium

923 1768 1101 1799 Ludovicus
1123 1769 1157 1799 in
1180 1768 1361 1807 praemium.

922 1823 1013 1855 Felix
1033 1827 1127 1863 terra,
1155 1825 1240 1863 cujus
1259 1832 1314 1855 rex
1331 1823 1466 1863 sapiens,

922 1870 1047 1910 Justu5‚
1089 1871 1239 1909 clemens,
1278 1870 1446 1911 modestus,

1245 1916 1377 1957 patiens,

926 1962 1019 2002 Cujus
1044 1964 1146 1995 vultus
1165 1966 1212 1995 est
1226 1965 1323 1995 malos
1340 1962 1466 2003 feriens,

969 2010 1072 2042 Bonos
1097 2011 1246 2043 alliciens.

920 2056 1098 2089 Ludovicus
1124 2058 1169 2089 sie
1192 2058 1284 2089 terris
1309 2055 1456 2097 praefuit,

923 2103 1011 2141 Quod
1018 2113 1130 2144 regnan
1136 2106 1174 2137 do
1184 2104 1285 2136 coelos
1291 2105 1470 2144 promeruit.

923 2159 1016 2192 Hunc
1036 2162 1148 2192 natura
1170 2161 1276 2200 genuit

967 2207 1074 2246 Regno
1100 2206 1300 2251 fructuosum,

922 2254 1072 2287 Voluntas
1098 2255 1236 2287 exercuit

967 2301 1087 2334 Mundo
1112 2302 1290 2344 gratiosum,
