1656 2491
792 91 1045 125 —178—

439 185 486 216 In
508 185 735 218 Laudibus.
1010 184 1106 222 Quem
1128 186 1183 215 tua
1208 184 1342 215 clemens
1366 183 1468 225 gratia

491 248 681 285 Antiphonae.
1056 230 1157 262 Coelis
1183 230 1358 264 collocavit.

293 303 322 334 1.
349 303 524 345 Conregnat
545 314 627 337 nunc
650 314 718 336 cum
742 305 873 337 Domino
1128 302 1172 331 Ad
1192 302 1373 330 Benedictus.

347 350 495 382 Victurus
519 352 586 383 Sine
608 353 740 383 ῒθΓῐΠῘΠΟ
946 361 986 392 A.
1012 359 1070 397 Qui
1096 360 1202 391 domos
1227 359 1267 390 ab
1291 359 1444 390 incendiis

391 396 469 435 EJ'US
492 397 617 429 indutus
643 399 795 437 decorem,
1009 405 1115 445 Equos
1141 404 1318 437 submersos
1342 403 1444 436 fluviis

350 441 442 481 CUJ'US
467 441 526 474 fuit
549 452 607 483 PTO
630 444 755 475 m0d¹fl⁰
1011 451 1144 483 Salvasti
1166 452 1227 482 ‘tuis
1252 451 1376 491 pluviis,

391 488 521 528 semper
543 489 680 521 imitatus
704 498 830 521 morem·
1009 497 1110 529 Trans
1132 499 1246 537 ignem,
1271 496 1372 528 fluxus
1396 496 1504 528 noxios

292 543 322 574 2.
347 543 409 574 Hic
430 545 568 576 serviens
592 545 712 576 laetitia
1009 543 1110 583 Hujus
1133 544 1229 575 saecli
1254 546 1285 574 et
1307 543 1430 582 impios,

390 590 457 621 Deo
478 591 636 630 jubilavit,
1009 590 1075 629 Ivo,
1100 598 1156 621 nos
1180 598 1238 628 per
1261 591 1349 621 actus
1373 590 1442 628 pios

345 635 387 666 Ei
412 636 567 668 viventem
589 637 723 668 hostiam
1008 635 1160 667 Transfer
1185 636 1271 667 coelo
1295 636 1449 667 innoxios.

345 702 351 705 -
393 682 475 713 Pure
498 683 696 715 ministravit.

292 736 321 768 3.
349 736 455 769 sitivit
478 738 543 776 ejus
569 738 671 769 anima
1075 729 1120 760 In
1146 730 1174 761 2-
1202 729 1307 766 vesp
1319 728 1414 762 eris.

390 783 443 814 Ad
464 786 496 814 te
518 784 619 815 Deum
643 784 756 823 vivum,
1127 790 1173 818 Ad
1190 790 1369 827 Magnfficat.

347 828 441 866 Quem
463 832 617 869 tamquam
639 833 729 882 pater
745 828 888 861 refovens
944 850 982 881 A·
1005 847 1208 886 Magnificam
1233 846 1311 878 coefi
1336 847 1419 878 cives

389 875 441 906 Ad
465 877 626 915 ΡΓΟΡΓῘΠῙΠ
650 884 759 907 smum·
1007 894 1117 932 Deum,
1143 901 1201 933 per
1224 902 1315 932 quem
1338 894 1393 925 Ivo
1420 893 1507 925 dives

290 931 320 961 4·
344 930 513 962 BenediXst
534 933 566 962 ‘⁶0
589 931 755 963 DOfflinUffl
1011 939 1181 971 Candidior
1205 948 1296 978 quam
1321 941 1394 970 sunt
1415 939 1503 971 nives

389 977 480 1008 More
503 985 679 1018 puerorum,
1053 986 1114 1017 Est
1135 985 1265 1017 vestitus
1291 986 1386 1024 caelo,

345 1023 403 1062 Qui
427 1025 591 1053 evaserunt
614 1023 785 1062 camimum,
1014 1033 1089 1063 Post
1111 1031 1234 1063 labores

389 1068 562 1100 Flammam
588 1068 821 1100 Chaldaeorum.
1014 1078 1058 1109 Et
1080 1078 1211 1109 honores

294 1125 323 1156 5.
349 1124 411 1155 Hic
433 1124 495 1154 tuis
520 1125 625 1163 gratus
650 1123 758 1163 gratiis
1012 1123 1114 1154 Saecli
1138 1126 1170 1155 et
1193 1123 1266 1154 huic
1290 1123 1367 1154 dant
1389 1123 1521 1155 honores

390 1170 437 1201 Te
457 1171 558 1202 Deum
582 1170 732 1208 laudavit,
1058 1169 1173 1209 Magno
1198 1170 1301 1200 cordis
1325 1170 1402 1202 zelo.

354 1233 457 1261 Officia
481 1242 534 1260 ms.
554 1233 743 1261 Trecorensia
768 1242 841 1261 saec.
864 1232 906 1260 15.
940 1234 1006 1261 Cod.
1027 1233 1167 1260 Parisien.
1190 1221 1270 1260 1148.
1289 1232 1323 1260 A.
1344 1247 1379 1251 —-
1399 1233 1482 1260 Brev.
1504 1241 1554 1260 ms.

279 1271 447 1299 Turonense
474 1277 547 1298 saec.
577 1269 619 1297 15.
661 1271 729 1298 Cod.
754 1270 894 1298 Parisien.
923 1269 1003 1298 1032.
1028 1271 1056 1297 B.
1089 1288 1110 1291 —
1146 1269 1230 1297 Brev.
1255 1278 1308 1297 ms.
1328 1269 1357 1297 S.
1376 1271 1494 1297 Martini
1521 1271 1556 1297 de

278 1308 436 1335 Estoviaeo
457 1315 530 1334 saec.
553 1306 596 1334 14.
631 1307 698 1335 Ood.
718 1308 858 1335 Parisien.
878 1305 941 1335 786.
962 1307 991 1334 G.
1010 1322 1046 1326 —-
1065 1308 1148 1334 Brev.
1168 1315 1220 1333 ms.
1232 1307 1397 1334 Parisiense
1416 1315 1490 1335 saec.
1512 1306 1554 1334 14.

282 1344 351 1371 eod.
370 1345 510 1372 Parisien.
531 1342 612 1372 1024.
625 1345 662 1371 D.
677 1360 713 1364 —
726 1345 810 1372 Brev.
828 1353 882 1372 ms.
895 1345 1048 1373 Aniciense
1067 1353 1140 1372 saec.
1161 1341 1205 1370 15.
1236 1344 1303 1371 God.
1318 1343 1410 1379 Capit.
1423 1345 1554 1371 Anicien.

281 1390 302 1409 s.
323 1391 351 1408 n.
372 1382 407 1409 E.
428 1395 464 1401 —
484 1382 566 1408 Brev.
585 1390 638 1408 ms.
658 1382 863 1410 Aurelianense
882 1383 949 1417 imp.
970 1391 992 1409 s.
1012 1382 1031 1408 1.
1052 1384 1081 1408 et
1099 1390 1124 1408 a.
1143 1381 1175 1408 F.

349 1419 385 1445 In
407 1417 430 1446 1.
443 1419 529 1454 Vesp.
548 1419 691 1453 beginnen
705 1420 759 1446 mit
772 1417 791 1444 Β
804 1419 895 1449 DEF:
916 1420 981 1446 ffinf
995 1418 1161 1455 prosaische
1173 1416 1220 1444 ΑΑ
1242 1427 1327 1454 super
1340 1419 1386 1445 Ps.
1407 1419 1458 1446 hat
1471 1418 1501 1446 C.
1516 1433 1550 1437 —

279 1453 316 1489 Β,
342 1455 361 1483 4
379 1454 498 1483 Duritas
523 1464 573 1490 per
591 1456 631 1490 133
658 1456 719 1483 dies
740 1453 760 1480 Β
785 1456 878 1483 lautet
904 1457 937 1482 in
954 1456 1046 1485 DEF:
1072 1456 1224 1483 Confessor
1243 1456 1407 1483 dulcissime
1427 1458 1478 1484 etc.
1516 1456 1551 1482 In

278 1493 436 1520 denselben
456 1493 510 1519 Hs.
529 1493 622 1519 lautei:
639 1493 686 1520 die
705 1491 727 1519 Α
751 1493 786 1519 ad
803 1494 915 1530 Magn.-.

753 1530 805 1557 Ivo
825 1532 940 1565 gesssans
960 1533 1074 1565 pectore

792 1567 935 1594 Christum
955 1566 1127 1600 crucifixum,

754 1604 899 1631 Macerato
919 1612 1037 1639 corpore

794 1641 920 1668 Camiate
936 1641 1033 1674 fixum,

755 1678 879 1705 Locavit
898 1679 930 1704 in
950 1679 1064 1705 aethere

794 1715 932 1751 Spiritum
951 1717 1074 1742 enixum.

351 1752 387 1778 In
408 1750 432 1778 1.
452 1752 534 1778 Noct.
554 1750 577 1778 Α
599 1749 629 1784 1,
655 1749 672 1779 3
696 1752 822 1788 alloquio
842 1752 878 1779 E.
898 1767 935 1771 —-
954 1752 976 1778 Α
997 1751 1028 1785 2,
1056 1751 1071 1779 1
1092 1761 1110 1779 a
1127 1753 1253 1780 Domino
1273 1753 1308 1780 E.
1328 1766 1362 1771 —-
1384 1750 1407 1778 Α
1427 1751 1458 1786 2,
1485 1750 1503 1779 3
1524 1755 1552 1779 et

280 1788 395 1816 :decuit
419 1788 455 1816 E.
481 1803 517 1807 —
537 1787 559 1815 Α
580 1786 612 1822 ἱ,
638 1787 653 1815 1
673 1789 789 1816 Justum
810 1789 939 1816 Christus
957 1790 993 1817 E.
1012 1804 1050 1808 —
1070 1788 1090 1815 Β
1110 1788 1143 1824 2,
1171 1788 1187 1815 1
1206 1790 1281 1817 Prae
1306 1789 1399 1816 cordis
1418 1790 1456 1823 133
1484 1793 1553 1816 stati

279 1826 370 1853 dieses
385 1824 422 1852 R:
443 1826 502 1852 Hic
520 1826 656 1854 mandata
667 1827 786 1854 Domini
806 1830 858 1854 ete.
872 1827 931 1854 DF.
946 1843 982 1847 —-
996 1825 1016 1852 Β
1038 1825 1070 1854 3:
1091 1827 1237 1861 Oompleto
1258 1827 1399 1854 curriculo
1420 1830 1472 1854 etc.
1487 1827 1552 1857 DF:

278 1862 356 1889 dieze
370 1863 488 1896 Quellen
513 1864 606 1891 haben
630 1862 691 1895 (der
715 1865 885 1892 &stoi-lichen
911 1864 975 1891 Zeit
996 1863 1106 1899 wegen)
1128 1872 1182 1891 nur
1207 1865 1270 1891 eine
1295 1864 1436 1892 Noktuxn.
1456 1879 1492 1882 —
1517 1866 1552 1892 111

277 1898 303 1925 2.
323 1900 405 1926 Noct.
426 1897 447 1926 Α
468 1900 493 1934 3,
512 1899 531 1927 4
550 1901 627 1928 Scito
648 1903 797 1929 coronavit
808 1902 841 1929 B.
854 1915 891 1920 —-
906 1899 925 1926 Β
946 1899 972 1935 3,
993 1901 1009 1929 5
1030 1910 1048 1928 a
1067 1904 1178 1937 patriae
1197 1904 1281 1936 porta
1292 1901 1329 1933 B;
1350 1902 1411 1929 dies
1424 1906 1551 1937 hespon-

278 1937 384 1962 soriam
403 1937 496 1963 lautet
512 1938 544 1964 in
565 1937 599 1964 O:

540 1975 575 2001 R.
596 1974 743 2010 Completo
763 1976 903 2003 oui-riculo
922 1977 1088 2012 temporalis
1108 1978 1199 2003 status

592 2010 649 2038 Est
666 2013 717 2039 Ivo
738 2012 773 2039 de
792 2021 904 2040 carcere
924 2016 1018 2041 carnis
1036 2014 1185 2046 liberatus,

592 2048 637 2073 Ad
657 2050 788 2076 coelestis
807 2050 918 2085 gloriae
936 2059 1055 2086 regnum
1075 2053 1118 2077 est
1137 2050 1302 2077 translatus.

543 2084 577 2111 V.
598 2084 653 2111 Pro
673 2084 740 2113 fidei
759 2088 867 2114 meritis
885 2089 1028 2114 vocitatur
1042 2087 1108 2121 jure
1128 2088 1237 2114 beatus.

278 2120 334 2147 Die
353 2120 475 2147 Prosula
492 2129 546 2146 nur
566 2123 596 2147 in
615 2121 647 2147 B.
668 2137 704 2141 --
723 2123 768 2150 Ad
786 2124 899 2150 Laudes
921 2122 943 2149 Α
965 2123 995 2157 1,
1022 2122 1039 2150 5
1059 2124 1176 2159 Semper
1195 2125 1310 2150 imitans
1331 2123 1367 2150 D.
1445 2124 1466 2150 Λ
1488 2124 1514 2158 3,
1534 2126 1551 2154 .,‘

279 2160 423 2190 tamquam
442 2156 513 2183 fehlt
530 2158 565 2184 D.
586 2171 622 2175 —
641 2158 685 2185 Ad
705 2161 809 2187 Bened.
830 2159 852 2186 Α
872 2160 963 2187 lautet
981 2163 1012 2187 in
1033 2160 1069 2187 C:

683 2197 732 2223 Ivo
753 2200 859 2230 sancte,
879 2198 971 2224 cultor
985 2199 1123 2232 justitiae,

686 2234 797 2261 Novum
812 2234 898 2268 jubar
916 2234 1028 2268 fulgens
1048 2234 1193 2268 eeclesiae,

681 2270 747 2296 Lux
766 2274 794 2296 et
813 2271 897 2298 decus
916 2273 1010 2306 gentis
1029 2271 1205 2304 BrItanniae‚

683 2306 741 2333 Hic
758 2316 811 2334 nos
830 2315 893 2335 esse
911 2308 957 2334 fac
975 2310 1053 2335 vitae
1072 2309 1206 2335 coelicae.
