1679 2491
402 57 427 78 1·

718 102 765 106 —
813 82 877 116 127
929 103 969 107 —

285 174 368 201 Brev.
396 182 448 201 ms.
474 174 650 202 Oai-notense
674 182 747 202 saec.
775 173 817 202 14.
851 175 919 202 Cod.
945 175 1093 202 Camoten.
1117 172 1180 202 588.
1204 175 1238 202 A.
1263 188 1299 193 —
1323 175 1406 202 Brev:
1432 183 1484 201 ms.

210 210 387 238 Carnotense
413 219 487 239 saec.
514 210 587 240 14lia.
622 212 689 240 Cocl.
710 211 919 239 Cenomannen.
945 210 1008 239 184.
1027 213 1059 239 Β.
1080 226 1116 230 —
1133 212 1216 239 Brev.
1239 219 1291 238 ms.
1313 211 1486 239 Camotense

211 256 286 274 saec.
315 246 358 274 15.
392 248 460 275 Cod.
489 247 639 276 carnoten.
664 246 727 275 571.
753 248 782 275 O.
802 263 838 268 —
858 250 941 276 Brev.
966 257 1017 275 ms.
1038 250 1213 276 Cal-notense
1235 256 1308 276 saec.
1337 246 1380 274 15.
1416 248 1484 275 Cod.

210 284 353 311 Parisien.
366 282 446 312 1053.
460 285 496 311 D.
506 301 544 305 —
555 285 640 312 Brev.
652 294 705 312 ms.
716 285 892 313 Carnotense
905 294 980 314 saee.
989 284 1032 312 15.
1057 284 1125 313 cod.
1133 286 1273 313 Parisien.
1289 283 1392 313 13240.
1405 284 1485 312 E.—

211 321 296 348 Brev.
316 330 368 348 ms.
390 320 565 349 Carnotenso
584 330 658 350 saee.
681 320 723 349 15.
753 322 820 349 God.
840 323 970 349 Vatican.
990 320 1073 350 4756.
1092 323 1123 349 F.

286 357 322 384 In
350 357 375 385 1.
398 358 485 394 Vesp.
504 359 550 385 Ad
568 359 665 394 Magn.
685 358 724 393 A,
750 357 770 386 4
795 359 915 386 celebris
940 360 1028 394 liquit
1045 360 1082 386 D.
1102 374 1137 378 —
1156 359 1191 386 In
1216 358 1239 386 1.
1259 359 1341 386 Noet.
1362 357 1382 384 R
1409 356 1440 393 3,
1466 357 1486 385 4

214 395 339 422 celerine
351 396 387 423 D.
402 410 438 415 —-
450 395 487 423 In
506 393 531 421 2.
545 395 627 423 Noet.
642 394 664 421 Α
687 394 711 429 1,
732 394 746 422 1
762 395 832 423 Cum
851 396 991 423 floretiam
1011 397 1120 423 subiret
1132 397 1167 423 D.
1181 411 1218 415 -
1232 394 1251 421 Β
1272 394 1296 428 1,
1317 395 1334 423 6
1348 396 1486 423 divinitus

212 432 286 459 fehlt
303 432 339 458 D.
359 447 396 452 --
417 430 436 458 R
458 429 489 465 3,
514 431 531 459 5
551 431 593 459 Ut
615 441 699 468 quem
718 433 793 459 vivis
812 432 900 460 BDE.
919 448 956 453 —
974 433 1010 460 In
1028 433 1177 460 Laudibus
1197 431 1243 459 ΑΑ
1263 441 1348 468 super
1366 433 1424 468 Ps.,
1450 432 1486 459 Iu

212 466 239 495 2.
259 470 346 504 Vesp.
367 469 403 496 ad
420 469 518 504 Magn.
539 466 562 495 Α
582 470 738 504 prosaisch.

651 567 697 597 47.
738 567 778 597 De
797 568 905 598 saneta
923 567 1054 598 Enimia.

349 636 396 667 ln
421 636 452 669 1.
477 635 690 673 Vesperis.

393 697 486 733 Super
501 697 642 725 Psalmos.

210 750 254 781 A.
279 748 491 787 Supernorum
514 748 595 787 regis
621 757 744 788 sponsa,

321 795 409 833 virgo
436 793 552 825 Christi
573 794 708 831 Enimia‚

277 840 479 872 Peccatorum
503 839 585 871 mole
607 848 731 879 pressos

324 887 386 918 tuis
410 886 480 917 leva
503 886 660 925 precibus,

278 932 323 965 Ut
348 932 433 970 digni
458 930 629 963 efficiamur

323 979 500 1009 sanctorum
528 978 658 1017 collegio

280 1023 323 1056 Et
346 1024 380 1054 in
405 1023 498 1055 coelis
522 1024 689 1063 gloriemur

329 1069 405 1101 Cum
428 1069 493 1101 illis
516 1071 549 1101 in
574 1069 697 1108 gaudio.

399 1151 446 1178 Ad
463 1150 639 1186 Magnificat.

214 1208 253 1241 A.
282 1206 427 1239 Gloriosa
450 1207 628 1238 solemnitas

329 1252 473 1284 festivum
496 1256 600 1284 movet
623 1253 779 1292 gaudium,

282 1298 355 1331 Tibi
378 1300 487 1330 laudes
513 1299 708 1338 exsolvimus,

331 1345 464 1385 Christe,
487 1345 592 1375 lumen
616 1344 764 1383 fidelium,

282 1392 340 1430 Qui
363 1391 514 1430 virginem
537 1391 695 1422 Enimiam

327 1438 452 1476 plenam
476 1437 603 1468 summis
629 1435 803 1476 virtutibus,

282 1483 421 1515 Servasti
445 1484 512 1515 sine
535 1484 657 1515 macula

330 1531 392 1561 tuis
418 1530 510 1561 castis
535 1529 740 1568 amplexibus

347 1650 377 1681 A
388 1649 408 1680 d
432 1649 693 1681 Matutinum.

413 1713 625 1740 Invitatorium.

279 1765 411 1797 Trinmn
435 1768 468 1795 et
488 1774 584 1798 unum
606 1765 774 1797 Dominum

280 1811 468 1851 Laudemus,
493 1819 598 1850 regem
621 1811 786 1850 virginum,

281 1858 342 1896 Qui
363 1857 540 1888 transvexit
560 1857 718 1889 Enimiam

279 1904 333 1936 Ad
357 1911 467 1943 pacem
491 1906 522 1934 et
545 1903 587 1935 ad
611 1903 752 1942 gloriam.

346 2026 392 2057 In
416 2025 447 2057 1.
472 2024 697 2056 Nocturno.

421 2087 615 2122 Antiphonae.

221 2147 252 2182 1.
279 2146 394 2178 Sancta
416 2146 522 2184 proles
546 2146 680 2185 Enimia‚

324 2193 450 2232 regione
475 2191 643 2224 Germania

278 2241 309 2271 A
332 2239 460 2272 summis
483 2238 592 2271 mundi
615 2238 740 2280 regibus

325 2285 429 2318 earnis
451 2286 551 2318 traxit
572 2286 673 2319 initia.

888 638 919 668 2.
946 635 1053 667 Crevit
1074 635 1189 675 regalis
1212 635 1334 667 soboles

992 689 1100 712 sexum
1123 683 1250 713 vincens
1269 684 1299 712 et
1320 682 1486 720 saeculum,

945 728 975 757 A
998 727 1114 757 mundo
1137 727 1250 766 pedem
1273 727 1445 766 retrahens,

991 781 1123 811 manum,
1148 776 1283 803 mentem
1307 776 1338 803 et
1357 773 1487 803 oculum.

913 851 919 857 .
945 826 1079 858 Pudoris
1105 827 1257 867 elegantia

993 881 1047 903 seu
1071 873 1271 912 pulchritudo
1295 873 1424 911 virginis

946 919 1008 950 Per
1031 921 1129 950 totam
1155 920 1252 950 currit
1274 919 1405 957 patriam

994 967 1026 994 et
1048 972 1106 1003 per
1128 964 1205 996 fines
1229 965 1394 1004 regiminis.

913 1044 919 1050 .
946 1019 1121 1051 Contemnit
1144 1028 1251 1058 regum
1274 1020 1399 1059 nuptias

992 1066 1100 1103 puella
1123 1067 1191 1097 sine
1214 1066 1346 1104 macula,

948 1111 1047 1143 Unam
1075 1114 1106 1142 et
1128 1112 1274 1143 mundam
1298 1112 1427 1143 hostiam

993 1165 1028 1187 se
1052 1157 1174 1189 Christo
1198 1166 1313 1189 vovens
1337 1158 1456 1189 sedula.

915 1235 921 1242 .
946 1213 1087 1251 Uterque
1110 1221 1223 1251 parens
1247 1212 1385 1244 sobolem

994 1262 1085 1297 urget
1107 1259 1148 1290 acl
1171 1259 1409 1298 matrimonium,

947 1303 1009 1335 Sed
1034 1305 1120 1343 virgo
1146 1304 1302 1337 Christum
1326 1306 1439 1336 asserit

994 1359 1082 1381 suum
1105 1359 1263 1391 sponsum,
1288 1360 1350 1382 non
1374 1351 1475 1382 alium.

914 1429 921 1436 .
948 1405 1019 1436 Non
1042 1407 1130 1444 patet
1152 1406 1233 1437 ullus
1258 1406 1371 1445 virgini

998 1452 1148 1483 evasionis
1173 1453 1287 1491 adituS,

948 1496 1011 1529 Sed
1034 1498 1121 1536 virgo
1145 1502 1235 1537 rogat
1257 1497 1434 1538 Dominum,

994 1547 1030 1574 ut
1053 1543 1218 1582 adjuvetur
1243 1545 1380 1578 coelitus,

1088 1621 1290 1657 Responsoria.

916 1697 923 1704 .
948 1673 1064 1704 Laetus
1089 1673 1200 1705 chorus
1223 1673 1362 1706 fidelium

948 1719 1121 1750 Honestum
1147 1720 1240 1751 ducat
1262 1719 1408 1758 gaudium

950 1765 995 1796 Et
1017 1764 1132 1797 festum
1152 1768 1260 1797 tantae
1281 1765 1411 1804 virginis

950 1811 1045 1842 Sonet
1067 1813 1101 1842 in
1123 1812 1232 1843 mnndi
1254 1811 1406 1850 terminis,

948 1858 1034 1896 Quae
1061 1861 1134 1896 post
1159 1858 1313 1889 devictum
1336 1860 1492 1890 saeculum

948 1903 1107 1934 Mercedis
1131 1906 1235 1943 gustat
1257 1905 1390 1943 epulum.

913 1975 920 1983 .
946 1949 1017 1980 Jam
1042 1950 1122 1980 enim
1145 1951 1244 1982 hiems
1268 1951 1402 1990 transiit,

947 1994 1017 2026 Jam
1042 2004 1135 2036 asper
1157 1997 1258 2029 imber
1280 1998 1368 2037 abiit,

947 2041 1029 2074 Nam
1051 2043 1250 2075 Hierusalem
1273 2043 1340 2076 filia.

951 2087 1036 2120 Coeli
1061 2091 1241 2122 conscendit
1263 2092 1352 2123 atria.

916 2169 923 2176 .
950 2144 1147 2177 Celebremus
1172 2147 1300 2187 virginis

994 2190 1106 2224 festum
1132 2201 1200 2224 cum
1224 2202 1339 2233 amore,

948 2237 1016 2269 Neo
1039 2239 1081 2270 sit
1103 2240 1213 2272 modus
1236 2241 1342 2281 gaudii

993 2285 1085 2324 huius
1108 2286 1165 2318 sub
1189 2287 1308 2319 honore
