<?xml version="1.0" encoding="UTF-8"?>
<!DOCTYPE html PUBLIC "-//W3C//DTD XHTML 1.0 Transitional//EN"
    "http://www.w3.org/TR/xhtml1/DTD/xhtml1-transitional.dtd">
<html xmlns="http://www.w3.org/1999/xhtml" xml:lang="en" lang="en">
 <head>
  <title>
</title>
<meta http-equiv="Content-Type" content="text/html;charset=utf-8" />
  <meta name='ocr-system' content='tesseract 3.04.00' />
  <meta name='ocr-capabilities' content='ocr_page ocr_carea ocr_par ocr_line ocrx_word'/>
</head>
<body>
  <div class='ocr_page' id='page_1' title='image "./analectahymnica13drevuoft_00137.png"; bbox 0 0 1656 2491; ppageno 0'>
   <div class='ocr_carea' id='block_1_1' title="bbox 231 132 689 307">
    <p class='ocr_par' dir='ltr' id='par_1_1' title="bbox 231 132 689 307">
     <span class='ocr_line' id='line_1_1' title="bbox 231 132 659 173; baseline -0.016 -5"><span class='ocrx_word' id='word_1_1' title='bbox 231 160 239 168; x_wconf 92' lang='lat'><strong>.</strong></span> <span class='ocrx_word' id='word_1_2' title='bbox 263 136 348 167; x_wconf 87' lang='lat' dir='ltr'><strong>Ense</strong></span> <span class='ocrx_word' id='word_1_3' title='bbox 371 134 529 173; x_wconf 83' lang='lat' dir='ltr'>cujusdam</span> <span class='ocrx_word' id='word_1_4' title='bbox 552 132 659 162; x_wconf 86' lang='lat' dir='ltr'>militis</span> 
     </span>
     <span class='ocr_line' id='line_1_2' title="bbox 264 177 665 216; baseline -0.012 -4"><span class='ocrx_word' id='word_1_5' title='bbox 264 181 359 212; x_wconf 80' lang='lat' dir='ltr'>Latus</span> <span class='ocrx_word' id='word_1_6' title='bbox 383 180 516 211; x_wconf 78' lang='lat' dir='ltr'>tenellae</span> <span class='ocrx_word' id='word_1_7' title='bbox 537 177 665 216; x_wconf 84' lang='lat' dir='ltr'>virginis</span> 
     </span>
     <span class='ocr_line' id='line_1_3' title="bbox 262 222 653 261; baseline -0.013 -4"><span class='ocrx_word' id='word_1_8' title='bbox 262 227 325 257; x_wconf 85' lang='lat' dir='ltr'>Per</span> <span class='ocrx_word' id='word_1_9' title='bbox 349 225 480 258; x_wconf 81' lang='lat' dir='ltr'>verbera</span> <span class='ocrx_word' id='word_1_10' title='bbox 503 233 520 254; x_wconf 88' lang='lat' dir='ltr'>a</span> <span class='ocrx_word' id='word_1_11' title='bbox 545 222 653 261; x_wconf 83' lang='lat' dir='ltr'>capulo</span> 
     </span>
     <span class='ocr_line' id='line_1_4' title="bbox 263 268 689 307; baseline -0.009 -4"><span class='ocrx_word' id='word_1_12' title='bbox 263 272 413 303; x_wconf 82' lang='lat' dir='ltr'>Laeditur</span> <span class='ocrx_word' id='word_1_13' title='bbox 435 270 551 307; x_wconf 82' lang='lat' dir='ltr'>absque</span> <span class='ocrx_word' id='word_1_14' title='bbox 569 268 689 300; x_wconf 79' lang='lat' dir='ltr'>merito,</span> 
     </span>
    </p>
   </div>
   <div class='ocr_carea' id='block_1_2' title="bbox 231 323 660 495">
    <p class='ocr_par' dir='ltr' id='par_1_2' title="bbox 231 323 660 495">
     <span class='ocr_line' id='line_1_5' title="bbox 231 323 648 365; baseline -0.014 -7"><span class='ocrx_word' id='word_1_15' title='bbox 231 352 238 358; x_wconf 88' lang='lat'>.</span> <span class='ocrx_word' id='word_1_16' title='bbox 263 327 357 365; x_wconf 85' lang='lat' dir='ltr'>Virgo</span> <span class='ocrx_word' id='word_1_17' title='bbox 381 325 485 356; x_wconf 83' lang='lat' dir='ltr'><strong>studet</strong></span> <span class='ocrx_word' id='word_1_18' title='bbox 508 323 648 354; x_wconf 82' lang='lat' dir='ltr'>excolere</span> 
     </span>
     <span class='ocr_line' id='line_1_6' title="bbox 262 368 592 411; baseline -0.012 -8"><span class='ocrx_word' id='word_1_19' title='bbox 262 371 445 411; x_wconf 86' lang='lat' dir='ltr'>Persapiens</span> <span class='ocrx_word' id='word_1_20' title='bbox 470 368 592 400; x_wconf 84' lang='lat' dir='ltr'><strong>assidue</strong></span> 
     </span>
     <span class='ocr_line' id='line_1_7' title="bbox 264 416 660 453; baseline -0.013 -4"><span class='ocrx_word' id='word_1_21' title='bbox 264 418 373 449; x_wconf 86' lang='lat' dir='ltr'>Omnes</span> <span class='ocrx_word' id='word_1_22' title='bbox 396 416 429 447; x_wconf 91' lang='lat' dir='ltr'>in</span> <span class='ocrx_word' id='word_1_23' title='bbox 452 423 506 446; x_wconf 89' lang='lat' dir='ltr'>suo</span> <span class='ocrx_word' id='word_1_24' title='bbox 532 422 660 453; x_wconf 87' lang='lat' dir='ltr'>corpore</span> 
     </span>
     <span class='ocr_line' id='line_1_8' title="bbox 262 460 631 495; baseline -0.003 -1"><span class='ocrx_word' id='word_1_25' title='bbox 262 463 401 495; x_wconf 76' lang='lat' dir='ltr'><strong>Virtutes</strong></span> <span class='ocrx_word' id='word_1_26' title='bbox 426 463 458 491; x_wconf 86' lang='lat' dir='ltr'>et</span> <span class='ocrx_word' id='word_1_27' title='bbox 481 460 631 493; x_wconf 76' lang='lat' dir='ltr'>occulere.</span> 
     </span>
    </p>
   </div>
   <div class='ocr_carea' id='block_1_3' title="bbox 230 524 708 837">
    <p class='ocr_par' dir='ltr' id='par_1_3' title="bbox 399 524 599 559">
     <span class='ocr_line' id='line_1_9' title="bbox 399 524 599 559; baseline 0 -9"><span class='ocrx_word' id='word_1_28' title='bbox 399 524 599 559; x_wconf 85' lang='lat' dir='ltr'>Responsoria.</span> 
     </span>
    </p>

    <p class='ocr_par' dir='ltr' id='par_1_4' title="bbox 230 570 569 604">
     <span class='ocr_line' id='line_1_10' title="bbox 230 570 569 604; baseline -0.012 0"><span class='ocrx_word' id='word_1_29' title='bbox 230 596 237 604; x_wconf 97' lang='lat'>.</span> <span class='ocrx_word' id='word_1_30' title='bbox 262 570 381 604; x_wconf 79' lang='lat' dir='ltr'>Officiis</span> <span class='ocrx_word' id='word_1_31' title='bbox 405 570 569 601; x_wconf 77' lang='lat' dir='ltr'>celebratis</span> 
     </span>
    </p>

    <p class='ocr_par' dir='ltr' id='par_1_5' title="bbox 263 616 610 655">
     <span class='ocr_line' id='line_1_11' title="bbox 263 616 610 655; baseline -0.006 -7"><span class='ocrx_word' id='word_1_32' title='bbox 263 617 306 648; x_wconf 86' lang='lat' dir='ltr'>Et</span> <span class='ocrx_word' id='word_1_33' title='bbox 328 617 473 648; x_wconf 87' lang='lat' dir='ltr'>horarum</span> <span class='ocrx_word' id='word_1_34' title='bbox 497 616 610 655; x_wconf 86' lang='lat' dir='ltr'>vigiliis</span> 
     </span>
    </p>

    <p class='ocr_par' dir='ltr' id='par_1_6' title="bbox 262 661 705 746">
     <span class='ocr_line' id='line_1_12' title="bbox 263 661 705 701; baseline -0.005 -8"><span class='ocrx_word' id='word_1_35' title='bbox 263 662 303 693; x_wconf 89' lang='lat' dir='ltr'>Se</span> <span class='ocrx_word' id='word_1_36' title='bbox 325 664 424 701; x_wconf 83' lang='lat' dir='ltr'><strong>ipsam</strong></span> <span class='ocrx_word' id='word_1_37' title='bbox 447 664 562 693; x_wconf 86' lang='lat' dir='ltr'>mactat</span> <span class='ocrx_word' id='word_1_38' title='bbox 585 661 705 699; x_wconf 87' lang='lat' dir='ltr'>superis</span> 
     </span>
     <span class='ocr_line' id='line_1_13' title="bbox 262 707 658 746; baseline -0.005 -7"><span class='ocrx_word' id='word_1_39' title='bbox 262 708 399 739; x_wconf 86' lang='lat' dir='ltr'>Eusebia</span> <span class='ocrx_word' id='word_1_40' title='bbox 423 715 491 738; x_wconf 89' lang='lat' dir='ltr'>cum</span> <span class='ocrx_word' id='word_1_41' title='bbox 512 707 658 746; x_wconf 81' lang='lat' dir='ltr'>lacrimis,</span> 
     </span>
    </p>

    <p class='ocr_par' dir='ltr' id='par_1_7' title="bbox 230 753 708 837">
     <span class='ocr_line' id='line_1_14' title="bbox 230 753 708 791; baseline -0.004 -6"><span class='ocrx_word' id='word_1_42' title='bbox 230 779 236 786; x_wconf 97' lang='lat'>.</span> <span class='ocrx_word' id='word_1_43' title='bbox 261 753 343 784; x_wconf 86' lang='lat' dir='ltr'>Dum</span> <span class='ocrx_word' id='word_1_44' title='bbox 367 754 499 791; x_wconf 85' lang='lat' dir='ltr'>quietem</span> <span class='ocrx_word' id='word_1_45' title='bbox 521 754 555 784; x_wconf 87' lang='lat' dir='ltr'>in</span> <span class='ocrx_word' id='word_1_46' title='bbox 579 760 708 790; x_wconf 88' lang='lat' dir='ltr'>corpore</span> 
     </span>
     <span class='ocr_line' id='line_1_15' title="bbox 261 799 621 837; baseline 0 -7"><span class='ocrx_word' id='word_1_47' title='bbox 261 800 427 830; x_wconf 89' lang='lat' dir='ltr'>Putaretur</span> <span class='ocrx_word' id='word_1_48' title='bbox 451 799 621 837; x_wconf 77' lang='lat' dir='ltr'>percipere.</span> 
     </span>
    </p>
   </div>
   <div class='ocr_carea' id='block_1_4' title="bbox 231 851 731 1119">
    <p class='ocr_par' dir='ltr' id='par_1_8' title="bbox 232 851 723 1020">
     <span class='ocr_line' id='line_1_16' title="bbox 232 851 723 894; baseline -0.004 -9"><span class='ocrx_word' id='word_1_49' title='bbox 232 878 239 885; x_wconf 94' lang='lat'>.</span> <span class='ocrx_word' id='word_1_50' title='bbox 265 853 433 894; x_wconf 83' lang='lat' dir='ltr'>Rictrudis,</span> <span class='ocrx_word' id='word_1_51' title='bbox 460 853 575 885; x_wconf 88' lang='lat' dir='ltr'>Chr1sti</span> <span class='ocrx_word' id='word_1_52' title='bbox 598 851 723 891; x_wconf 85' lang='lat' dir='ltr'>famula,</span> 
     </span>
     <span class='ocr_line' id='line_1_17' title="bbox 265 897 585 937; baseline 0 -8"><span class='ocrx_word' id='word_1_53' title='bbox 265 899 407 930; x_wconf 86' lang='lat' dir='ltr'>Metuens</span> <span class='ocrx_word' id='word_1_54' title='bbox 430 907 488 937; x_wconf 87' lang='lat' dir='ltr'>pro</span> <span class='ocrx_word' id='word_1_55' title='bbox 511 897 585 936; x_wconf 85' lang='lat' dir='ltr'>filia,</span> 
     </span>
     <span class='ocr_line' id='line_1_18' title="bbox 264 944 661 982; baseline 0.003 -8"><span class='ocrx_word' id='word_1_56' title='bbox 264 944 417 975; x_wconf 75' lang='lat' dir='ltr'>Hortatur</span> <span class='ocrx_word' id='word_1_57' title='bbox 439 952 505 974; x_wconf 89' lang='lat' dir='ltr'>eam</span> <span class='ocrx_word' id='word_1_58' title='bbox 526 944 661 982; x_wconf 87' lang='lat' dir='ltr'>propriis</span> 
     </span>
     <span class='ocr_line' id='line_1_19' title="bbox 265 989 561 1020; baseline -0.003 0"><span class='ocrx_word' id='word_1_59' title='bbox 265 989 419 1020; x_wconf 71' lang='lat' dir='ltr'>Interesse</span> <span class='ocrx_word' id='word_1_60' title='bbox 443 989 561 1020; x_wconf 86' lang='lat' dir='ltr'>cellulis</span> 
     </span>
    </p>

    <p class='ocr_par' dir='ltr' id='par_1_9' title="bbox 231 1034 731 1119">
     <span class='ocr_line' id='line_1_20' title="bbox 231 1034 731 1065; baseline 0 0"><span class='ocrx_word' id='word_1_61' title='bbox 231 1058 238 1064; x_wconf 96' lang='lat'>.</span> <span class='ocrx_word' id='word_1_62' title='bbox 263 1034 429 1065; x_wconf 87' lang='lat' dir='ltr'>Mulcendo</span> <span class='ocrx_word' id='word_1_63' title='bbox 453 1043 593 1065; x_wconf 80' lang='lat' dir='ltr'>sermone</span> <span class='ocrx_word' id='word_1_64' title='bbox 616 1034 731 1065; x_wconf 87' lang='lat' dir='ltr'>blando</span> 
     </span>
     <span class='ocr_line' id='line_1_21' title="bbox 266 1079 621 1119; baseline 0.003 -9"><span class='ocrx_word' id='word_1_65' title='bbox 266 1079 310 1110; x_wconf 91' lang='lat' dir='ltr'>Et</span> <span class='ocrx_word' id='word_1_66' title='bbox 332 1080 477 1111; x_wconf 86' lang='lat' dir='ltr'>terrendo</span> <span class='ocrx_word' id='word_1_67' title='bbox 501 1088 621 1119; x_wconf 88' lang='lat' dir='ltr'>aspero.</span> 
     </span>
    </p>
   </div>
   <div class='ocr_carea' id='block_1_5' title="bbox 231 1134 749 1683">
    <p class='ocr_par' dir='ltr' id='par_1_10' title="bbox 233 1134 624 1173">
     <span class='ocr_line' id='line_1_22' title="bbox 233 1134 624 1173; baseline -0.003 -6"><span class='ocrx_word' id='word_1_68' title='bbox 233 1160 241 1167; x_wconf 89' lang='lat'><strong><em>.</em></strong></span> <span class='ocrx_word' id='word_1_69' title='bbox 265 1135 403 1173; x_wconf 87' lang='lat' dir='ltr'>Accepto</span> <span class='ocrx_word' id='word_1_70' title='bbox 428 1135 472 1165; x_wconf 88' lang='lat' dir='ltr'>sic</span> <span class='ocrx_word' id='word_1_71' title='bbox 494 1134 624 1166; x_wconf 89' lang='lat' dir='ltr'>intentio</span> 
     </span>
    </p>

    <p class='ocr_par' dir='ltr' id='par_1_11' title="bbox 265 1180 738 1309">
     <span class='ocr_line' id='line_1_23' title="bbox 268 1180 738 1222; baseline 0 -11"><span class='ocrx_word' id='word_1_72' title='bbox 268 1181 343 1212; x_wconf 91' lang='lat' dir='ltr'>Cum</span> <span class='ocrx_word' id='word_1_73' title='bbox 367 1188 424 1211; x_wconf 87' lang='lat' dir='ltr'>nec</span> <span class='ocrx_word' id='word_1_74' title='bbox 448 1183 583 1211; x_wconf 81' lang='lat' dir='ltr'>cessaret</span> <span class='ocrx_word' id='word_1_75' title='bbox 605 1180 738 1222; x_wconf 82' lang='lat' dir='ltr'>modulo,</span> 
     </span>
     <span class='ocr_line' id='line_1_24' title="bbox 265 1225 667 1264; baseline 0 -8"><span class='ocrx_word' id='word_1_76' title='bbox 265 1225 380 1257; x_wconf 84' lang='lat' dir='ltr'>Beatae</span> <span class='ocrx_word' id='word_1_77' title='bbox 405 1234 515 1264; x_wconf 83' lang='lat' dir='ltr'>corpus</span> <span class='ocrx_word' id='word_1_78' title='bbox 538 1225 667 1264; x_wconf 85' lang='lat' dir='ltr'>virginis</span> 
     </span>
     <span class='ocr_line' id='line_1_25' title="bbox 268 1269 699 1309; baseline 0 -7"><span class='ocrx_word' id='word_1_79' title='bbox 268 1270 417 1302; x_wconf 87' lang='lat' dir='ltr'>Subditur</span> <span class='ocrx_word' id='word_1_80' title='bbox 439 1269 546 1302; x_wconf 84' lang='lat' dir='ltr'>fratris</span> <span class='ocrx_word' id='word_1_81' title='bbox 570 1271 699 1309; x_wconf 73' lang='lat' dir='ltr'>baculiS,</span> 
     </span>
    </p>

    <p class='ocr_par' dir='ltr' id='par_1_12' title="bbox 233 1316 749 1456">
     <span class='ocr_line' id='line_1_26' title="bbox 233 1316 639 1348; baseline 0.002 -1"><span class='ocrx_word' id='word_1_82' title='bbox 233 1340 239 1347; x_wconf 96' lang='lat'>.</span> <span class='ocrx_word' id='word_1_83' title='bbox 265 1316 453 1347; x_wconf 86' lang='lat' dir='ltr'>Verberibus</span> <span class='ocrx_word' id='word_1_84' title='bbox 479 1316 639 1348; x_wconf 88' lang='lat' dir='ltr'>dirissimis</span> 
     </span>
     <span class='ocr_line' id='line_1_27' title="bbox 268 1361 749 1394; baseline 0 -2"><span class='ocrx_word' id='word_1_85' title='bbox 268 1361 348 1392; x_wconf 91' lang='lat' dir='ltr'>Dum</span> <span class='ocrx_word' id='word_1_86' title='bbox 373 1370 406 1393; x_wconf 90' lang='lat' dir='ltr'>se</span> <span class='ocrx_word' id='word_1_87' title='bbox 429 1361 527 1393; x_wconf 86' lang='lat' dir='ltr'>flectit</span> <span class='ocrx_word' id='word_1_88' title='bbox 548 1363 581 1394; x_wconf 89' lang='lat' dir='ltr'>in</span> <span class='ocrx_word' id='word_1_89' title='bbox 606 1363 749 1394; x_wconf 85' lang='lat' dir='ltr'>brachiis.</span> 
     </span>
     <span class='ocr_line' id='line_1_28' title="bbox 236 1416 578 1456; baseline -0.006 -8"><span class='ocrx_word' id='word_1_90' title='bbox 236 1442 241 1448; x_wconf 95' lang='lat'>.</span> <span class='ocrx_word' id='word_1_91' title='bbox 270 1416 419 1454; x_wconf 69' lang='lat' dir='ltr'>&#39;lperibus</span> <span class='ocrx_word' id='word_1_92' title='bbox 439 1417 578 1456; x_wconf 76' lang='lat' dir='ltr'>Justitiae</span> 
     </span>
    </p>

    <p class='ocr_par' dir='ltr' id='par_1_13' title="bbox 264 1461 659 1538">
     <span class='ocr_line' id='line_1_29' title="bbox 269 1461 659 1493; baseline 0.003 -2"><span class='ocrx_word' id='word_1_93' title='bbox 269 1461 356 1492; x_wconf 85' lang='lat' dir='ltr'>Haec</span> <span class='ocrx_word' id='word_1_94' title='bbox 380 1461 522 1492; x_wconf 81' lang='lat' dir='ltr'>dedicata</span> <span class='ocrx_word' id='word_1_95' title='bbox 545 1463 659 1493; x_wconf 89' lang='lat' dir='ltr'>coelice</span> 
     </span>
     <span class='ocr_line' id='line_1_30' title="bbox 264 1506 652 1538; baseline 0 -1"><span class='ocrx_word' id='word_1_96' title='bbox 264 1506 453 1538; x_wconf 85' lang='lat' dir='ltr'>Ambulabat</span> <span class='ocrx_word' id='word_1_97' title='bbox 478 1507 516 1537; x_wconf 87' lang='lat' dir='ltr'>de</span> <span class='ocrx_word' id='word_1_98' title='bbox 539 1507 652 1538; x_wconf 86' lang='lat' dir='ltr'>virtute</span> 
     </span>
    </p>

    <p class='ocr_par' dir='ltr' id='par_1_14' title="bbox 266 1551 666 1593">
     <span class='ocr_line' id='line_1_31' title="bbox 266 1551 666 1593; baseline 0.003 -11"><span class='ocrx_word' id='word_1_99' title='bbox 266 1551 303 1583; x_wconf 87' lang='lat' dir='ltr'>In</span> <span class='ocrx_word' id='word_1_100' title='bbox 325 1552 470 1583; x_wconf 86' lang='lat' dir='ltr'>virtutem</span> <span class='ocrx_word' id='word_1_101' title='bbox 494 1553 666 1593; x_wconf 83' lang='lat' dir='ltr'>splendide,</span> 
     </span>
    </p>

    <p class='ocr_par' dir='ltr' id='par_1_15' title="bbox 231 1597 656 1683">
     <span class='ocr_line' id='line_1_32' title="bbox 231 1597 656 1630; baseline 0 -1"><span class='ocrx_word' id='word_1_102' title='bbox 231 1621 238 1629; x_wconf 90' lang='lat'><strong><em>.</em></strong></span> <span class='ocrx_word' id='word_1_103' title='bbox 265 1597 310 1629; x_wconf 89' lang='lat' dir='ltr'>Ut</span> <span class='ocrx_word' id='word_1_104' title='bbox 331 1600 501 1629; x_wconf 89' lang='lat' dir='ltr'>mereretur</span> <span class='ocrx_word' id='word_1_105' title='bbox 526 1599 656 1630; x_wconf 88' lang='lat' dir='ltr'>coeleste</span> 
     </span>
     <span class='ocr_line' id='line_1_33' title="bbox 265 1642 586 1683; baseline 0.006 -10"><span class='ocrx_word' id='word_1_106' title='bbox 265 1642 412 1674; x_wconf 79' lang='lat' dir='ltr'>Bravium</span> <span class='ocrx_word' id='word_1_107' title='bbox 436 1644 586 1683; x_wconf 82' lang='lat' dir='ltr'>accipere.</span> 
     </span>
    </p>
   </div>
   <div class='ocr_carea' id='block_1_6' title="bbox 330 1725 676 1811">
    <p class='ocr_par' dir='ltr' id='par_1_16' title="bbox 330 1725 676 1811">
     <span class='ocr_line' id='line_1_34' title="bbox 330 1725 676 1758; baseline 0 0"><span class='ocrx_word' id='word_1_108' title='bbox 330 1725 375 1758; x_wconf 89' lang='lat' dir='ltr'>In</span> <span class='ocrx_word' id='word_1_109' title='bbox 401 1727 431 1758; x_wconf 88' lang='lat'>3.</span> <span class='ocrx_word' id='word_1_110' title='bbox 457 1725 676 1758; x_wconf 88' lang='lat' dir='ltr'>Nocturno.</span> 
     </span>
     <span class='ocr_line' id='line_1_35' title="bbox 407 1784 597 1811; baseline 0 0"><span class='ocrx_word' id='word_1_111' title='bbox 407 1784 451 1811; x_wconf 83' lang='lat' dir='ltr'>Ad</span> <span class='ocrx_word' id='word_1_112' title='bbox 472 1784 597 1811; x_wconf 81' lang='lat' dir='ltr'>Cantica.</span> 
     </span>
    </p>
   </div>
   <div class='ocr_carea' id='block_1_7' title="bbox 233 1834 748 2012">
    <p class='ocr_par' dir='ltr' id='par_1_17' title="bbox 233 1834 748 1959">
     <span class='ocr_line' id='line_1_36' title="bbox 233 1834 718 1874; baseline 0.004 -8"><span class='ocrx_word' id='word_1_113' title='bbox 233 1860 239 1866; x_wconf 94' lang='lat'>.</span> <span class='ocrx_word' id='word_1_114' title='bbox 266 1834 366 1874; x_wconf 86' lang='lat' dir='ltr'>Super</span> <span class='ocrx_word' id='word_1_115' title='bbox 389 1844 532 1874; x_wconf 81' lang='lat' dir='ltr'>sponsam</span> <span class='ocrx_word' id='word_1_116' title='bbox 555 1836 718 1868; x_wconf 90' lang='lat' dir='ltr'>monilibus</span> 
     </span>
     <span class='ocr_line' id='line_1_37' title="bbox 266 1881 748 1921; baseline 0.006 -10"><span class='ocrx_word' id='word_1_117' title='bbox 266 1881 457 1913; x_wconf 84' lang='lat' dir='ltr'>Adornatam</span> <span class='ocrx_word' id='word_1_118' title='bbox 482 1883 597 1921; x_wconf 77' lang='lat' dir='ltr'>gaudet</span> <span class='ocrx_word' id='word_1_119' title='bbox 618 1891 748 1921; x_wconf 85' lang='lat' dir='ltr'>sponsus</span> 
     </span>
     <span class='ocr_line' id='line_1_38' title="bbox 265 1925 603 1959; baseline 0.006 -2"><span class='ocrx_word' id='word_1_120' title='bbox 265 1925 448 1958; x_wconf 79' lang='lat' dir='ltr'>Diademate</span> <span class='ocrx_word' id='word_1_121' title='bbox 473 1928 603 1959; x_wconf 87' lang='lat' dir='ltr'>decorus</span> 
     </span>
    </p>

    <p class='ocr_par' dir='ltr' id='par_1_18' title="bbox 263 1972 689 2012">
     <span class='ocr_line' id='line_1_39' title="bbox 263 1972 689 2012; baseline 0.005 -8"><span class='ocrx_word' id='word_1_122' title='bbox 263 1972 344 2004; x_wconf 86' lang='lat' dir='ltr'>Prae</span> <span class='ocrx_word' id='word_1_123' title='bbox 367 1973 518 2004; x_wconf 89' lang='lat' dir='ltr'>universis</span> <span class='ocrx_word' id='word_1_124' title='bbox 539 1974 689 2012; x_wconf 73' lang='lat' dir='ltr'>gentibus</span> 
     </span>
    </p>
   </div>
   <div class='ocr_carea' id='block_1_8' title="bbox 401 2036 602 2071">
    <p class='ocr_par' dir='ltr' id='par_1_19' title="bbox 401 2036 602 2071">
     <span class='ocr_line' id='line_1_40' title="bbox 401 2036 602 2071; baseline 0 -9"><span class='ocrx_word' id='word_1_125' title='bbox 401 2036 602 2071; x_wconf 86' lang='lat' dir='ltr'>Responsoria.</span> 
     </span>
    </p>
   </div>
   <div class='ocr_carea' id='block_1_9' title="bbox 230 2082 673 2207">
    <p class='ocr_par' dir='ltr' id='par_1_20' title="bbox 230 2082 673 2207">
     <span class='ocr_line' id='line_1_41' title="bbox 230 2082 673 2122; baseline 0.005 -9"><span class='ocrx_word' id='word_1_126' title='bbox 230 2107 237 2113; x_wconf 96' lang='lat'>.</span> <span class='ocrx_word' id='word_1_127' title='bbox 262 2082 313 2114; x_wconf 85' lang='lat' dir='ltr'>Ex</span> <span class='ocrx_word' id='word_1_128' title='bbox 336 2083 523 2115; x_wconf 83' lang='lat' dir='ltr'>aromatibus</span> <span class='ocrx_word' id='word_1_129' title='bbox 546 2085 673 2122; x_wconf 86' lang='lat' dir='ltr'>myrrha</span> 
     </span>
     <span class='ocr_line' id='line_1_42' title="bbox 261 2128 666 2169; baseline 0.002 -9"><span class='ocrx_word' id='word_1_130' title='bbox 261 2128 306 2160; x_wconf 88' lang='lat' dir='ltr'>Et</span> <span class='ocrx_word' id='word_1_131' title='bbox 327 2128 427 2160; x_wconf 87' lang='lat' dir='ltr'>thuris</span> <span class='ocrx_word' id='word_1_132' title='bbox 451 2129 666 2169; x_wconf 84' lang='lat' dir='ltr'>pretiosissimi</span> 
     </span>
     <span class='ocr_line' id='line_1_43' title="bbox 260 2173 567 2207; baseline 0.007 -2"><span class='ocrx_word' id='word_1_133' title='bbox 260 2173 408 2206; x_wconf 80' lang='lat' dir='ltr'>Effloruit</span> <span class='ocrx_word' id='word_1_134' title='bbox 430 2174 567 2207; x_wconf 81' lang='lat' dir='ltr'>Eusebia</span> 
     </span>
    </p>
   </div>
   <div class='ocr_carea' id='block_1_10' title="bbox 263 2220 518 2253">
    <p class='ocr_par' dir='ltr' id='par_1_21' title="bbox 263 2220 518 2253">
     <span class='ocr_line' id='line_1_44' title="bbox 263 2220 518 2253; baseline 0.004 -1"><span class='ocrx_word' id='word_1_135' title='bbox 263 2220 383 2253; x_wconf 80' lang='lat' dir='ltr'>Genere</span> <span class='ocrx_word' id='word_1_136' title='bbox 405 2221 518 2253; x_wconf 85' lang='lat' dir='ltr'>nobilis</span> 
     </span>
    </p>
   </div>
   <div class='ocr_carea' id='block_1_11' title="bbox 805 36 965 72">
    <p class='ocr_par' dir='ltr' id='par_1_22' title="bbox 805 36 965 72">
     <span class='ocr_line' id='line_1_45' title="bbox 805 36 965 72; baseline 0 -1"><span class='ocrx_word' id='word_1_137' title='bbox 805 36 873 72; x_wconf 78' lang='lat'>134</span> <span class='ocrx_word' id='word_1_138' title='bbox 917 54 965 59; x_wconf 82' lang='lat'>—-</span> 
     </span>
    </p>
   </div>
   <div class='ocr_carea' id='block_1_12' title="bbox 872 1701 889 1730">
    <p class='ocr_par' dir='ltr' id='par_1_23' title="bbox 872 1701 889 1730">
     <span class='ocr_line' id='line_1_46' title="bbox 872 1701 889 1730; textangle 90"><span class='ocrx_word' id='word_1_139' title='bbox 872 1701 889 1730; x_wconf 71' lang='grc' dir='ltr'>[ν</span> 
     </span>
    </p>
   </div>
   <div class='ocr_carea' id='block_1_13' title="bbox 868 1894 899 1925">
    <p class='ocr_par' dir='ltr' id='par_1_24' title="bbox 868 1894 899 1925">
     <span class='ocr_line' id='line_1_47' title="bbox 868 1894 899 1925; baseline 0 0"><span class='ocrx_word' id='word_1_140' title='bbox 868 1894 899 1925; x_wconf 87' lang='grc'>3.</span> 
     </span>
    </p>
   </div>
   <div class='ocr_carea' id='block_1_14' title="bbox 921 126 1476 726">
    <p class='ocr_par' dir='ltr' id='par_1_25' title="bbox 923 126 1461 212">
     <span class='ocr_line' id='line_1_48' title="bbox 923 126 1461 167; baseline -0.004 -9"><span class='ocrx_word' id='word_1_141' title='bbox 923 129 1008 167; x_wconf 75' lang='lat' dir='ltr'>Quae</span> <span class='ocrx_word' id='word_1_142' title='bbox 1027 126 1162 158; x_wconf 90' lang='lat' dir='ltr'>nobilior</span> <span class='ocrx_word' id='word_1_143' title='bbox 1186 127 1251 165; x_wconf 86' lang='lat' dir='ltr'>eJ&#39;us</span> <span class='ocrx_word' id='word_1_144' title='bbox 1280 126 1461 166; x_wconf 79' lang='lat' dir='ltr'>disciplinis</span> 
     </span>
     <span class='ocr_line' id='line_1_49' title="bbox 925 172 1212 212; baseline -0.007 -7"><span class='ocrx_word' id='word_1_145' title='bbox 925 175 1048 212; x_wconf 82' lang='lat' dir='ltr'>Agnum</span> <span class='ocrx_word' id='word_1_146' title='bbox 1072 172 1212 212; x_wconf 79' lang='lat' dir='ltr'>sequitur</span> 
     </span>
    </p>

    <p class='ocr_par' dir='ltr' id='par_1_26' title="bbox 922 218 1417 349">
     <span class='ocr_line' id='line_1_50' title="bbox 927 218 1344 258; baseline 0 -7"><span class='ocrx_word' id='word_1_147' title='bbox 927 221 1006 252; x_wconf 80' lang='lat' dir='ltr'>Cum</span> <span class='ocrx_word' id='word_1_148' title='bbox 1028 219 1124 250; x_wconf 83' lang='lat' dir='ltr'>laude</span> <span class='ocrx_word' id='word_1_149' title='bbox 1145 218 1344 258; x_wconf 79' lang='lat' dir='ltr'>virginitatis,</span> 
     </span>
     <span class='ocr_line' id='line_1_51' title="bbox 922 264 1417 297; baseline -0.004 0"><span class='ocrx_word' id='word_1_150' title='bbox 922 265 1107 297; x_wconf 83' lang='lat' dir='ltr'>Praecincta</span> <span class='ocrx_word' id='word_1_151' title='bbox 1131 264 1279 296; x_wconf 85' lang='lat' dir='ltr'>virtutum</span> <span class='ocrx_word' id='word_1_152' title='bbox 1305 264 1417 295; x_wconf 89' lang='lat' dir='ltr'>decore</span> 
     </span>
     <span class='ocr_line' id='line_1_52' title="bbox 922 311 1236 349; baseline -0.003 -7"><span class='ocrx_word' id='word_1_153' title='bbox 922 312 1066 343; x_wconf 84' lang='lat' dir='ltr'>Accensa</span> <span class='ocrx_word' id='word_1_154' title='bbox 1089 311 1236 349; x_wconf 85' lang='lat' dir='ltr'>lampade</span> 
     </span>
    </p>

    <p class='ocr_par' dir='ltr' id='par_1_27' title="bbox 922 356 1233 390">
     <span class='ocr_line' id='line_1_53' title="bbox 922 356 1233 390; baseline 0.003 -1"><span class='ocrx_word' id='word_1_155' title='bbox 922 357 966 389; x_wconf 84' lang='lat' dir='ltr'>Et</span> <span class='ocrx_word' id='word_1_156' title='bbox 991 360 1138 389; x_wconf 84' lang='lat' dir='ltr'>coronata</span> <span class='ocrx_word' id='word_1_157' title='bbox 1161 356 1233 390; x_wconf 90' lang='lat' dir='ltr'>fide.</span> 
     </span>
    </p>

    <p class='ocr_par' dir='ltr' id='par_1_28' title="bbox 921 411 1476 634">
     <span class='ocr_line' id='line_1_54' title="bbox 922 411 1476 451; baseline 0 -9"><span class='ocrx_word' id='word_1_158' title='bbox 922 411 986 443; x_wconf 82' lang='lat' dir='ltr'>Abi</span> <span class='ocrx_word' id='word_1_159' title='bbox 993 414 1065 451; x_wconf 86' lang='lat' dir='ltr'>post</span> <span class='ocrx_word' id='word_1_160' title='bbox 1070 420 1193 451; x_wconf 81' lang='lat' dir='ltr'>gregum</span> <span class='ocrx_word' id='word_1_161' title='bbox 1204 411 1476 451; x_wconf 83' lang='lat' dir='ltr'>Christivestigia,.</span> 
     </span>
     <span class='ocr_line' id='line_1_55' title="bbox 921 457 1389 498; baseline 0.004 -10"><span class='ocrx_word' id='word_1_162' title='bbox 921 458 1070 498; x_wconf 84' lang='lat' dir='ltr'>Eusebia,</span> <span class='ocrx_word' id='word_1_163' title='bbox 1094 458 1182 495; x_wconf 80' lang='lat' dir='ltr'>virgo</span> <span class='ocrx_word' id='word_1_164' title='bbox 1207 457 1389 495; x_wconf 81' lang='lat' dir='ltr'>clarissima,</span> 
     </span>
     <span class='ocr_line' id='line_1_56' title="bbox 922 502 1469 542; baseline -0.002 -8"><span class='ocrx_word' id='word_1_165' title='bbox 922 502 997 535; x_wconf 82' lang='lat' dir='ltr'>Flos</span> <span class='ocrx_word' id='word_1_166' title='bbox 1010 504 1111 541; x_wconf 86' lang='lat' dir='ltr'>campi</span> <span class='ocrx_word' id='word_1_167' title='bbox 1124 503 1261 535; x_wconf 78' lang='lat' dir='ltr'>etlilium</span> <span class='ocrx_word' id='word_1_168' title='bbox 1270 503 1469 542; x_wconf 82' lang='lat' dir='ltr'>convallium,</span> 
     </span>
     <span class='ocr_line' id='line_1_57' title="bbox 921 549 1469 581; baseline 0.002 -1"><span class='ocrx_word' id='word_1_169' title='bbox 921 549 1100 581; x_wconf 84' lang='lat' dir='ltr'>Introduxit</span> <span class='ocrx_word' id='word_1_170' title='bbox 1105 549 1172 580; x_wconf 88' lang='lat' dir='ltr'>tein</span> <span class='ocrx_word' id='word_1_171' title='bbox 1179 551 1300 580; x_wconf 88' lang='lat' dir='ltr'>secreta</span> <span class='ocrx_word' id='word_1_172' title='bbox 1307 550 1469 581; x_wconf 78' lang='lat' dir='ltr'>coelorum</span> 
     </span>
     <span class='ocr_line' id='line_1_58' title="bbox 927 594 1358 634; baseline 0.002 -9"><span class='ocrx_word' id='word_1_173' title='bbox 927 595 1001 626; x_wconf 85' lang='lat' dir='ltr'>Veri</span> <span class='ocrx_word' id='word_1_174' title='bbox 1024 594 1098 626; x_wconf 88' lang='lat' dir='ltr'>solis</span> <span class='ocrx_word' id='word_1_175' title='bbox 1123 594 1189 626; x_wconf 88' lang='lat' dir='ltr'>filia</span> <span class='ocrx_word' id='word_1_176' title='bbox 1212 594 1358 634; x_wconf 84' lang='lat' dir='ltr'>formosa,</span> 
     </span>
    </p>

    <p class='ocr_par' dir='ltr' id='par_1_29' title="bbox 924 640 1189 680">
     <span class='ocr_line' id='line_1_59' title="bbox 924 640 1189 680; baseline 0 -8"><span class='ocrx_word' id='word_1_177' title='bbox 924 640 1013 672; x_wconf 78' lang='lat' dir='ltr'>Imus</span> <span class='ocrx_word' id='word_1_178' title='bbox 1038 640 1189 680; x_wconf 82' lang='lat' dir='ltr'>columba,</span> 
     </span>
    </p>

    <p class='ocr_par' dir='ltr' id='par_1_30' title="bbox 924 686 1473 726">
     <span class='ocr_line' id='line_1_60' title="bbox 924 686 1473 726; baseline 0 -8"><span class='ocrx_word' id='word_1_179' title='bbox 924 686 1022 725; x_wconf 84' lang='lat' dir='ltr'>Surge</span> <span class='ocrx_word' id='word_1_180' title='bbox 1030 690 1125 726; x_wconf 84' lang='lat' dir='ltr'>etpro</span> <span class='ocrx_word' id='word_1_181' title='bbox 1132 687 1220 718; x_wconf 86' lang='lat' dir='ltr'>nobis</span> <span class='ocrx_word' id='word_1_182' title='bbox 1227 696 1319 718; x_wconf 77' lang='lat' dir='ltr'>orans</span> <span class='ocrx_word' id='word_1_183' title='bbox 1325 696 1473 726; x_wconf 76' lang='lat' dir='ltr'>propera.</span> 
     </span>
    </p>
   </div>
   <div class='ocr_carea' id='block_1_15' title="bbox 890 741 1221 782">
    <p class='ocr_par' dir='ltr' id='par_1_31' title="bbox 890 741 1221 782">
     <span class='ocr_line' id='line_1_61' title="bbox 890 741 1221 782; baseline 0.003 -10"><span class='ocrx_word' id='word_1_184' title='bbox 890 766 898 772; x_wconf 83' lang='lat'>.</span> <span class='ocrx_word' id='word_1_185' title='bbox 921 741 1002 773; x_wconf 85' lang='lat' dir='ltr'>Veni</span> <span class='ocrx_word' id='word_1_186' title='bbox 1026 741 1065 772; x_wconf 90' lang='lat' dir='ltr'>de</span> <span class='ocrx_word' id='word_1_187' title='bbox 1089 741 1221 782; x_wconf 85' lang='lat' dir='ltr'>Libano,</span> 
     </span>
    </p>
   </div>
   <div class='ocr_carea' id='block_1_16' title="bbox 922 786 1438 1049">
    <p class='ocr_par' dir='ltr' id='par_1_32' title="bbox 923 786 1233 826">
     <span class='ocr_line' id='line_1_62' title="bbox 923 786 1233 826; baseline 0 -9"><span class='ocrx_word' id='word_1_188' title='bbox 923 787 1003 818; x_wconf 87' lang='lat' dir='ltr'>Veni</span> <span class='ocrx_word' id='word_1_189' title='bbox 1028 786 1233 826; x_wconf 85' lang='lat' dir='ltr'>coronaberis,</span> 
     </span>
    </p>

    <p class='ocr_par' dir='ltr' id='par_1_33' title="bbox 925 832 1188 871">
     <span class='ocr_line' id='line_1_63' title="bbox 925 832 1188 871; baseline -0.004 -7"><span class='ocrx_word' id='word_1_190' title='bbox 925 833 1020 871; x_wconf 87' lang='lat' dir='ltr'>Virgo</span> <span class='ocrx_word' id='word_1_191' title='bbox 1041 832 1188 871; x_wconf 87' lang='lat' dir='ltr'>Eusebia,</span> 
     </span>
    </p>

    <p class='ocr_par' dir='ltr' id='par_1_34' title="bbox 922 878 1438 1049">
     <span class='ocr_line' id='line_1_64' title="bbox 922 878 1438 921; baseline 0 -12"><span class='ocrx_word' id='word_1_192' title='bbox 922 879 1094 909; x_wconf 80' lang='lat' dir='ltr'>Ascensum</span> <span class='ocrx_word' id='word_1_193' title='bbox 1117 878 1214 909; x_wconf 79' lang='lat' dir='ltr'>habes</span> <span class='ocrx_word' id='word_1_194' title='bbox 1237 887 1438 921; x_wconf 80' lang='lat' dir='ltr'>purpureum,</span> 
     </span>
     <span class='ocr_line' id='line_1_65' title="bbox 925 924 1328 966; baseline 0 -11"><span class='ocrx_word' id='word_1_195' title='bbox 925 924 1167 955; x_wconf 80' lang='lat' dir='ltr'>Reclinatorium</span> <span class='ocrx_word' id='word_1_196' title='bbox 1192 933 1328 966; x_wconf 79' lang='lat' dir='ltr'>aureum⁷</span> 
     </span>
     <span class='ocr_line' id='line_1_66' title="bbox 922 969 1365 1002; baseline 0.002 -2"><span class='ocrx_word' id='word_1_197' title='bbox 922 969 1030 1000; x_wconf 84' lang='lat' dir='ltr'>Media</span> <span class='ocrx_word' id='word_1_198' title='bbox 1055 970 1183 1001; x_wconf 82' lang='lat' dir='ltr'>caritate</span> <span class='ocrx_word' id='word_1_199' title='bbox 1208 972 1365 1002; x_wconf 82' lang='lat' dir='ltr'>constrata</span> 
     </span>
     <span class='ocr_line' id='line_1_67' title="bbox 922 1013 1397 1049; baseline 0.008 -4"><span class='ocrx_word' id='word_1_200' title='bbox 922 1015 1010 1046; x_wconf 83' lang='lat' dir='ltr'>Inter</span> <span class='ocrx_word' id='word_1_201' title='bbox 1032 1013 1113 1046; x_wconf 83' lang='lat' dir='ltr'>filias</span> <span class='ocrx_word' id='word_1_202' title='bbox 1138 1014 1213 1046; x_wconf 88' lang='lat' dir='ltr'>Sion</span> <span class='ocrx_word' id='word_1_203' title='bbox 1238 1016 1397 1049; x_wconf 84' lang='lat' dir='ltr'>collocata.</span> 
     </span>
    </p>
   </div>
   <div class='ocr_carea' id='block_1_17' title="bbox 890 1070 1328 1109">
    <p class='ocr_par' dir='ltr' id='par_1_35' title="bbox 890 1070 1328 1109">
     <span class='ocr_line' id='line_1_68' title="bbox 890 1070 1328 1109; baseline 0.009 -10"><span class='ocrx_word' id='word_1_204' title='bbox 890 1092 898 1099; x_wconf 91' lang='lat'><strong>.</strong></span> <span class='ocrx_word' id='word_1_205' title='bbox 925 1070 1032 1102; x_wconf 86' lang='lat' dir='ltr'>Oleum</span> <span class='ocrx_word' id='word_1_206' title='bbox 1057 1078 1165 1109; x_wconf 84' lang='lat' dir='ltr'>gerens</span> <span class='ocrx_word' id='word_1_207' title='bbox 1189 1072 1222 1101; x_wconf 90' lang='lat' dir='ltr'>in</span> <span class='ocrx_word' id='word_1_208' title='bbox 1246 1072 1328 1103; x_wconf 88' lang='lat' dir='ltr'>vasis</span> 
     </span>
    </p>
   </div>
   <div class='ocr_carea' id='block_1_18' title="bbox 922 1115 1392 1332">
    <p class='ocr_par' dir='ltr' id='par_1_36' title="bbox 923 1115 1296 1155">
     <span class='ocr_line' id='line_1_69' title="bbox 923 1115 1296 1155; baseline 0.003 -9"><span class='ocrx_word' id='word_1_209' title='bbox 923 1115 1135 1154; x_wconf 79' lang='lat' dir='ltr'>Lampadibus</span> <span class='ocrx_word' id='word_1_210' title='bbox 1159 1117 1296 1155; x_wconf 88' lang='lat' dir='ltr'>acceptis</span> 
     </span>
    </p>

    <p class='ocr_par' dir='ltr' id='par_1_37' title="bbox 922 1161 1392 1332">
     <span class='ocr_line' id='line_1_70' title="bbox 923 1161 1392 1202; baseline 0.009 -11"><span class='ocrx_word' id='word_1_211' title='bbox 923 1161 977 1192; x_wconf 85' lang='lat' dir='ltr'>Ad</span> <span class='ocrx_word' id='word_1_212' title='bbox 998 1162 1123 1199; x_wconf 81' lang='lat' dir='ltr'>nuptias</span> <span class='ocrx_word' id='word_1_213' title='bbox 1147 1163 1254 1199; x_wconf 77' lang='lat' dir='ltr'>sponsi</span> <span class='ocrx_word' id='word_1_214' title='bbox 1277 1172 1392 1202; x_wconf 74' lang='lat' dir='ltr'>sponsa</span> 
     </span>
     <span class='ocr_line' id='line_1_71' title="bbox 924 1206 1193 1246; baseline 0 -8"><span class='ocrx_word' id='word_1_215' title='bbox 924 1206 1026 1238; x_wconf 78' lang='lat' dir='ltr'>Intrat</span> <span class='ocrx_word' id='word_1_216' title='bbox 1046 1206 1193 1246; x_wconf 85' lang='lat' dir='ltr'>Eusebia,</span> 
     </span>
     <span class='ocr_line' id='line_1_72' title="bbox 922 1251 1303 1285; baseline 0.005 -2"><span class='ocrx_word' id='word_1_217' title='bbox 922 1251 1104 1283; x_wconf 87' lang='lat' dir='ltr'>Perenniter</span> <span class='ocrx_word' id='word_1_218' title='bbox 1127 1253 1194 1284; x_wconf 90' lang='lat' dir='ltr'>Deo</span> <span class='ocrx_word' id='word_1_219' title='bbox 1221 1262 1303 1285; x_wconf 86' lang='lat' dir='ltr'>nova</span> 
     </span>
     <span class='ocr_line' id='line_1_73' title="bbox 926 1297 1312 1332; baseline 0.005 -3"><span class='ocrx_word' id='word_1_220' title='bbox 926 1297 1159 1329; x_wconf 84' lang='lat' dir='ltr'>Condecantans</span> <span class='ocrx_word' id='word_1_221' title='bbox 1185 1300 1312 1332; x_wconf 83' lang='lat' dir='ltr'>cantica.</span> 
     </span>
    </p>
   </div>
   <div class='ocr_carea' id='block_1_19' title="bbox 1019 1389 1310 1487">
    <p class='ocr_par' dir='ltr' id='par_1_38' title="bbox 1019 1389 1310 1487">
     <span class='ocr_line' id='line_1_74' title="bbox 1019 1389 1310 1422; baseline 0.01 -3"><span class='ocrx_word' id='word_1_222' title='bbox 1019 1390 1035 1420; x_wconf 95' lang='lat' dir='ltr'>I</span> <span class='ocrx_word' id='word_1_223' title='bbox 1043 1398 1064 1419; x_wconf 89' lang='lat' dir='ltr'>n</span> <span class='ocrx_word' id='word_1_224' title='bbox 1087 1389 1116 1420; x_wconf 91' lang='lat' dir='ltr'>L</span> <span class='ocrx_word' id='word_1_225' title='bbox 1124 1398 1170 1420; x_wconf 90' lang='lat' dir='ltr'>au</span> <span class='ocrx_word' id='word_1_226' title='bbox 1180 1389 1245 1421; x_wconf 85' lang='lat' dir='ltr'>dib</span> <span class='ocrx_word' id='word_1_227' title='bbox 1256 1399 1275 1422; x_wconf 90' lang='lat' dir='ltr'>u</span> <span class='ocrx_word' id='word_1_228' title='bbox 1285 1400 1310 1422; x_wconf 90' lang='lat' dir='ltr'>s.</span> 
     </span>
     <span class='ocr_line' id='line_1_75' title="bbox 1064 1452 1252 1487; baseline 0.016 -10"><span class='ocrx_word' id='word_1_229' title='bbox 1064 1452 1252 1487; x_wconf 82' lang='lat' dir='ltr'>Antiphonae.</span> 
     </span>
    </p>
   </div>
   <div class='ocr_carea' id='block_1_20' title="bbox 892 1507 1325 1542">
    <p class='ocr_par' dir='ltr' id='par_1_39' title="bbox 892 1507 1325 1542">
     <span class='ocr_line' id='line_1_76' title="bbox 892 1507 1325 1542; baseline 0.007 -3"><span class='ocrx_word' id='word_1_230' title='bbox 892 1532 898 1539; x_wconf 97' lang='lat'>.</span> <span class='ocrx_word' id='word_1_231' title='bbox 923 1507 1111 1539; x_wconf 85' lang='lat' dir='ltr'>Benedictae</span> <span class='ocrx_word' id='word_1_232' title='bbox 1134 1516 1172 1540; x_wconf 83' lang='lat' dir='ltr'>ac</span> <span class='ocrx_word' id='word_1_233' title='bbox 1195 1510 1325 1542; x_wconf 84' lang='lat' dir='ltr'>decorae</span> 
     </span>
    </p>
   </div>
   <div class='ocr_carea' id='block_1_21' title="bbox 923 1553 1421 1686">
    <p class='ocr_par' dir='ltr' id='par_1_40' title="bbox 923 1553 1421 1686">
     <span class='ocr_line' id='line_1_77' title="bbox 923 1553 1197 1585; baseline 0.007 -2"><span class='ocrx_word' id='word_1_234' title='bbox 923 1553 1078 1584; x_wconf 88' lang='lat' dir='ltr'>Eusebiae</span> <span class='ocrx_word' id='word_1_235' title='bbox 1102 1555 1197 1585; x_wconf 86' lang='lat' dir='ltr'>odore</span> 
     </span>
     <span class='ocr_line' id='line_1_78' title="bbox 926 1597 1369 1641; baseline 0.007 -12"><span class='ocrx_word' id='word_1_236' title='bbox 926 1597 1128 1630; x_wconf 78' lang='lat' dir='ltr'>Perfunditur</span> <span class='ocrx_word' id='word_1_237' title='bbox 1149 1600 1227 1631; x_wconf 88' lang='lat' dir='ltr'>mire</span> <span class='ocrx_word' id='word_1_238' title='bbox 1252 1601 1369 1641; x_wconf 86' lang='lat' dir='ltr'>domus,</span> 
     </span>
     <span class='ocr_line' id='line_1_79' title="bbox 925 1644 1421 1686; baseline 0.01 -11"><span class='ocrx_word' id='word_1_239' title='bbox 925 1644 962 1675; x_wconf 87' lang='lat' dir='ltr'>In</span> <span class='ocrx_word' id='word_1_240' title='bbox 987 1653 1047 1683; x_wconf 83' lang='lat' dir='ltr'>qua</span> <span class='ocrx_word' id='word_1_241' title='bbox 1072 1645 1274 1678; x_wconf 83' lang='lat' dir='ltr'>decumbebat</span> <span class='ocrx_word' id='word_1_242' title='bbox 1299 1656 1421 1686; x_wconf 85' lang='lat' dir='ltr'>corpus.</span> 
     </span>
    </p>
   </div>
   <div class='ocr_carea' id='block_1_22' title="bbox 893 1699 1257 1732">
    <p class='ocr_par' dir='ltr' id='par_1_41' title="bbox 893 1699 1257 1732">
     <span class='ocr_line' id='line_1_80' title="bbox 893 1699 1257 1732; baseline 0 0"><span class='ocrx_word' id='word_1_243' title='bbox 893 1725 900 1732; x_wconf 87' lang='lat'><em>.</em></span> <span class='ocrx_word' id='word_1_244' title='bbox 925 1699 1093 1731; x_wconf 80' lang='lat' dir='ltr'>Jubilando</span> <span class='ocrx_word' id='word_1_245' title='bbox 1116 1700 1257 1732; x_wconf 82' lang='lat' dir='ltr'>introivit</span> 
     </span>
    </p>
   </div>
   <div class='ocr_carea' id='block_1_23' title="bbox 923 1745 1385 2070">
    <p class='ocr_par' dir='ltr' id='par_1_42' title="bbox 924 1745 1385 1877">
     <span class='ocr_line' id='line_1_81' title="bbox 925 1745 1309 1787; baseline 0.008 -11"><span class='ocrx_word' id='word_1_246' title='bbox 925 1745 962 1776; x_wconf 93' lang='lat' dir='ltr'>In</span> <span class='ocrx_word' id='word_1_247' title='bbox 987 1749 1151 1784; x_wconf 88' lang='lat' dir='ltr'>conspectu</span> <span class='ocrx_word' id='word_1_248' title='bbox 1174 1746 1309 1787; x_wconf 86' lang='lat' dir='ltr'>Domini,</span> 
     </span>
     <span class='ocr_line' id='line_1_82' title="bbox 926 1791 1385 1829; baseline 0.011 -7"><span class='ocrx_word' id='word_1_249' title='bbox 926 1791 1021 1829; x_wconf 79' lang='lat' dir='ltr'>Quem</span> <span class='ocrx_word' id='word_1_250' title='bbox 1045 1792 1160 1823; x_wconf 83' lang='lat' dir='ltr'>amavit</span> <span class='ocrx_word' id='word_1_251' title='bbox 1184 1793 1277 1825; x_wconf 91' lang='lat' dir='ltr'>corde</span> <span class='ocrx_word' id='word_1_252' title='bbox 1301 1795 1385 1827; x_wconf 85' lang='lat' dir='ltr'>claro</span> 
     </span>
     <span class='ocr_line' id='line_1_83' title="bbox 924 1836 1181 1877; baseline 0.004 -8"><span class='ocrx_word' id='word_1_253' title='bbox 924 1836 1062 1869; x_wconf 84' lang='lat' dir='ltr'>Eusebia</span> <span class='ocrx_word' id='word_1_254' title='bbox 1085 1838 1181 1877; x_wconf 82' lang='lat' dir='ltr'>virgo.</span> 
     </span>
    </p>

    <p class='ocr_par' dir='ltr' id='par_1_43' title="bbox 927 1891 1286 1933">
     <span class='ocr_line' id='line_1_84' title="bbox 927 1891 1286 1933; baseline 0.006 -9"><span class='ocrx_word' id='word_1_255' title='bbox 927 1891 1032 1924; x_wconf 84' lang='lat' dir='ltr'>Sitivit</span> <span class='ocrx_word' id='word_1_256' title='bbox 1053 1893 1169 1924; x_wconf 85' lang='lat' dir='ltr'>virtute</span> <span class='ocrx_word' id='word_1_257' title='bbox 1192 1895 1286 1933; x_wconf 85' lang='lat' dir='ltr'>plena</span> 
     </span>
    </p>

    <p class='ocr_par' dir='ltr' id='par_1_44' title="bbox 923 1938 1280 1980">
     <span class='ocr_line' id='line_1_85' title="bbox 923 1938 1280 1980; baseline 0.003 -10"><span class='ocrx_word' id='word_1_258' title='bbox 923 1938 962 1970; x_wconf 85' lang='lat' dir='ltr'>In</span> <span class='ocrx_word' id='word_1_259' title='bbox 985 1938 1053 1970; x_wconf 82' lang='lat' dir='ltr'>Deo</span> <span class='ocrx_word' id='word_1_260' title='bbox 1078 1940 1144 1977; x_wconf 81' lang='lat' dir='ltr'>ejus</span> <span class='ocrx_word' id='word_1_261' title='bbox 1168 1940 1280 1980; x_wconf 83' lang='lat' dir='ltr'>anima,</span> 
     </span>
    </p>

    <p class='ocr_par' dir='ltr' id='par_1_45' title="bbox 924 1984 1269 2070">
     <span class='ocr_line' id='line_1_86' title="bbox 924 1984 1205 2017; baseline 0.004 -1"><span class='ocrx_word' id='word_1_262' title='bbox 924 1984 967 2016; x_wconf 87' lang='lat' dir='ltr'>Et</span> <span class='ocrx_word' id='word_1_263' title='bbox 989 1984 1060 2015; x_wconf 85' lang='lat' dir='ltr'>ideo</span> <span class='ocrx_word' id='word_1_264' title='bbox 1085 1985 1205 2017; x_wconf 76' lang='lat' dir='ltr'>laetitia</span> 
     </span>
     <span class='ocr_line' id='line_1_87' title="bbox 924 2028 1269 2070; baseline 0.012 -9"><span class='ocrx_word' id='word_1_265' title='bbox 924 2028 1100 2062; x_wconf 85' lang='lat' dir='ltr'>Perfruitur</span> <span class='ocrx_word' id='word_1_266' title='bbox 1124 2032 1269 2070; x_wconf 81' lang='lat' dir='ltr'>gloriosa.</span> 
     </span>
    </p>
   </div>
   <div class='ocr_carea' id='block_1_24' title="bbox 891 2085 1275 2126">
    <p class='ocr_par' dir='ltr' id='par_1_46' title="bbox 891 2085 1275 2126">
     <span class='ocr_line' id='line_1_88' title="bbox 891 2085 1275 2126; baseline 0.008 -10"><span class='ocrx_word' id='word_1_267' title='bbox 891 2109 898 2116; x_wconf 94' lang='lat'><strong>.</strong></span> <span class='ocrx_word' id='word_1_268' title='bbox 923 2085 1059 2125; x_wconf 83' lang='lat' dir='ltr'>Egregia</span> <span class='ocrx_word' id='word_1_269' title='bbox 1082 2087 1169 2125; x_wconf 87' lang='lat' dir='ltr'>virgo</span> <span class='ocrx_word' id='word_1_270' title='bbox 1193 2088 1275 2126; x_wconf 86' lang='lat' dir='ltr'>regis</span> 
     </span>
    </p>
   </div>
   <div class='ocr_carea' id='block_1_25' title="bbox 922 2131 1330 2261">
    <p class='ocr_par' dir='ltr' id='par_1_47' title="bbox 922 2131 1330 2261">
     <span class='ocr_line' id='line_1_89' title="bbox 924 2131 1233 2172; baseline 0.003 -9"><span class='ocrx_word' id='word_1_271' title='bbox 924 2131 986 2163; x_wconf 84' lang='lat' dir='ltr'>Per</span> <span class='ocrx_word' id='word_1_272' title='bbox 1009 2140 1105 2171; x_wconf 87' lang='lat' dir='ltr'>opera</span> <span class='ocrx_word' id='word_1_273' title='bbox 1128 2133 1233 2172; x_wconf 85' lang='lat' dir='ltr'>superi</span> 
     </span>
     <span class='ocr_line' id='line_1_90' title="bbox 922 2177 1289 2212; baseline 0.005 -2"><span class='ocrx_word' id='word_1_274' title='bbox 922 2177 1135 2210; x_wconf 83' lang='lat' dir='ltr'>Benedicebat</span> <span class='ocrx_word' id='word_1_275' title='bbox 1156 2178 1289 2212; x_wconf 84' lang='lat' dir='ltr'>Domino</span> 
     </span>
     <span class='ocr_line' id='line_1_91' title="bbox 925 2224 1330 2261; baseline 0.01 -5"><span class='ocrx_word' id='word_1_276' title='bbox 925 2224 986 2256; x_wconf 85' lang='lat' dir='ltr'>Per</span> <span class='ocrx_word' id='word_1_277' title='bbox 1010 2225 1135 2257; x_wconf 78' lang='lat' dir='ltr'>saecula</span> <span class='ocrx_word' id='word_1_278' title='bbox 1154 2225 1330 2261; x_wconf 81' lang='lat' dir='ltr'>benedicto,</span> 
     </span>
    </p>
   </div>
  </div>
 </body>
</html>
