1656 2491
749 92 978 127 ,46-

301 190 325 221 O
350 189 499 227 Ansuere,
524 188 573 219 vir
595 186 717 225 nobilis,

299 235 377 267 Cum
400 236 508 273 quater
531 234 649 271 septem
672 231 764 262 sociis

298 282 359 312 Pro
384 279 472 311 nobis
496 286 604 318 preces
628 276 759 308 fundere

958 184 1044 216 Velis
1070 187 1101 215 et
1123 184 1294 223 intendere,

959 230 1048 268 Quod
1071 230 1181 261 annuis
1205 229 1420 261 devotionibus

959 276 1026 307 Tua
1049 275 1130 306 festa
1152 276 1326 308 recolimus

306 342 388 369 Brev.
407 341 591 368 Sleswicense
616 340 683 373 imp.
703 338 825 365 Parisiis
853 336 932 365 1512.
953 353 989 357 -—
1007 337 1148 365 Dasselbe
1167 337 1297 364 Officium
1316 336 1421 364 befand
1440 336 1503 362 sich

233 379 306 405 auch
324 379 356 404 in
375 377 438 404 dem
458 375 528 404 1506
547 385 584 402 zu
594 374 713 401 Liibeck
732 375 906 409 gedruekten
918 375 1096 402 Breviarium
1108 374 1347 410 Ratzeburgense,
1366 381 1424 400 von
1438 373 1503 399 dem

233 417 280 442 ein
298 414 452 448 Exemplar
471 413 550 439 nicht
568 411 647 439 mehr
667 410 794 437 bekannt
811 413 857 438 ist.

649 517 690 548 14.
729 518 771 549 De
792 517 897 549 sancto
916 517 1083 555 Armagilo.

365 586 409 616 In
435 587 463 618 1.
489 586 700 625 vesperis,

414 648 458 675 Ad
477 646 649 683 Magnificat.

261 730 268 736 .
294 704 445 743 Armagili
467 704 595 745 meritis⁷

297 750 429 788 Christe,
456 750 496 780 da
519 750 676 780 demeritis

297 796 471 826 Promereri
493 796 613 834 merito,

298 841 343 874 Ut
365 841 428 871 sint
451 849 517 871 eum
544 841 670 871 emerito

296 887 333 917 In
358 886 483 917 coelesti
508 888 601 925 curia,

297 931 360 964 Ubi
383 932 450 962 laus
474 935 505 963 et
527 932 634 971 gloria.

362 1023 422 1053 Ad
444 1023 703 1054 Matutinum.

431 1086 638 1113 Invitatorium.

297 1140 497 1172 Exsultantes
521 1142 684 1173 adoremus

299 1186 452 1218 Christum
477 1196 580 1226 regem
604 1189 635 1217 et
657 1187 827 1226 laudemus,

298 1232 356 1270 Qui
379 1232 472 1263 hodie
496 1232 653 1264 coronavit

297 1278 499 1317 Armagilum,
525 1287 614 1317 quem
637 1279 760 1311 amavit.

358 1368 403 1399 In
429 1369 458 1400 1.
484 1369 704 1400 Nocturno.

441 1431 630 1466 Antiphonae.

268 1514 274 1520 .
300 1490 441 1522 Gloriosa
464 1493 610 1531 prosapia

299 1536 335 1567 In
359 1537 468 1575 majori
492 1537 652 1569 Britannia

302 1581 412 1613 Traxit
433 1583 574 1614 natalitia

302 1628 415 1658 Beatus
438 1628 625 1667 ArmagiluS.

267 1708 274 1715 .
300 1682 358 1714 Vir
380 1691 509 1722 magnae
532 1684 687 1723 scientiae,

301 1729 363 1758 Vas
388 1728 484 1759 omnis
506 1729 686 1769 munditiae,

299 1774 348 1805 De
371 1773 451 1805 bono
475 1775 508 1805 in
531 1775 639 1806 melius

301 1820 468 1852 Crescebat
490 1820 638 1859 qnotidie.

267 1901 273 1907 .
301 1874 415 1906 Christi
439 1876 538 1907 cultor
558 1876 674 1915 ,iugiter

300 1920 466 1952 Ordinatus
489 1922 655 1961 presbyter

303 1966 417 1997 Contra
441 1971 550 1999 cuncta
573 1967 649 2000 vitia

299 2011 467 2043 Dimicavit
490 2012 623 2044 fortiter.

437 2085 639 2120 Responsoria.

266 2161 273 2167 .
300 2136 380 2167 Puer
406 2136 477 2167 dum
501 2138 603 2169 adhuc
626 2138 802 2170 scholarum

346 2182 517 2214 Exerceret
539 2184 651 2223 studia,

299 2229 450 2266 Operatus
476 2232 523 2260 est
546 2239 670 2262 suarum

345 2274 501 2306 Virtutum
522 2277 702 2315 primordia,

892 585 931 616 V.
955 584 986 615 A
1011 585 1120 619 sodali,
1146 592 1236 622 quem
1260 585 1451 622 presserunt,

900 732 932 763 2.

893 1241 933 1275 V.

959 631 1081 670 Frigus,
1108 628 1216 668 febris,
1241 630 1460 660 abscesserunt

1003 676 1076 707 Solo
1100 678 1186 707 tactu
1210 675 1308 714 pallii.

957 731 1089 762 Prorsus
1115 730 1249 761 dimissis
1274 730 1425 768 omnibus⁷

959 776 1043 814 Quae
1068 776 1196 808 obviant
1219 776 1414 814 coelestibuS,

959 822 1179 853 Britannorum
1203 822 1237 852 in
1260 822 1403 860 partibus

960 867 1156 899 Transfretat
1181 876 1249 898 cum
1273 866 1450 905 sodalibus3

925 937 933 945 .
958 914 1056 945 Prece
1079 913 1161 952 regis
1186 917 1234 944 est
1256 912 1415 952 profectus

959 960 997 991 In
1022 959 1157 991 Galliam
1180 961 1212 989 et
1234 958 1360 990 effectus

1002 1005 1080 1043 Ejus
1105 1005 1302 1036 secretarius.

928 1083 934 1090 .
958 1059 1026 1091 Deo
1049 1060 1185 1098 placens,
1212 1060 1330 1090 cunctis
1355 1061 1470 1099 gratus,

1004 1106 1113 1145 Regali
1138 1105 1255 1143 palatio

958 1151 1082 1182 Moram
1106 1149 1182 1182 fecit
1204 1151 1253 1181 vir
1276 1151 1385 1182 beatus

1005 1196 1066 1227 Sex
1092 1205 1241 1228 annorum
1265 1197 1377 1236 spatio,

957 1243 1019 1274 Per
1043 1251 1133 1281 quem
1156 1242 1242 1273 Deus
1265 1242 1423 1281 magnalia

958 1288 1063 1319 Multa
1085 1287 1161 1319 feeit,
1182 1288 1217 1318 in
1240 1287 1345 1319 Gallia

1006 1334 1067 1366 Sex
1091 1342 1242 1365 annorum
1267 1334 1380 1374 spatio.

1023 1425 1069 1456 In
1095 1427 1126 1456 2.
1151 1424 1207 1455 No
1220 1427 1376 1457 cturno.

1103 1487 1294 1521 Antiphonae.

928 1571 936 1579 .
963 1548 1087 1580 Cunctis
1111 1548 1257 1579 membris
1281 1549 1486 1588 impotentem

963 1593 1058 1624 Curat
1083 1594 1226 1625 claudum
1252 1595 1471 1634 deposcentem

1005 1639 1083 1678 EJ'us
1107 1639 1294 1673 alimoniam.

962 1694 1020 1725 Vir
1043 1694 1193 1733 benignus
1219 1704 1309 1727 caeco
1333 1695 1421 1728 flenti

961 1740 1069 1771 Visum
1092 1740 1199 1771 reddit
1223 1741 1390 1774 confidenti

1005 1786 1054 1817 De
1079 1787 1144 1825 ejus
1168 1788 1293 1820 auxilio.

932 1855 939 1863 .
964 1831 1066 1870 Signis
1091 1833 1190 1863 saneti
1216 1834 1382 1874 divulgatis

962 1878 1095 1917 Adsunt,
1122 1887 1181 1917 quo
1204 1880 1240 1919 it,
1265 1880 1359 1919 villis,
1385 1882 1494 1913 stratis

1006 1923 1202 1955 Infirmorum
1225 1927 1356 1965 agmina.

1097 1998 1300 2030 Responsoria.

929 2071 935 2077 .
963 2047 1010 2078 De
1033 2049 1114 2088 regis
1138 2048 1265 2082 licentia

962 2094 1142 2126 Redonensi
1164 2097 1268 2134 patria

1007 2140 1089 2172 Dato
1115 2142 1249 2174 oratorio

1010 2188 1041 2218 It
1064 2186 1195 2219 festinus
1220 2197 1288 2220 cum
1314 2191 1437 2231 gaudio,

897 2232 935 2263 V.
961 2232 1026 2270 Quo
1051 2234 1164 2272 spretis
1188 2236 1296 2267 mundi
1322 2236 1472 2281 [gaudiis]

964 2278 1066 2318 Signis
1092 2280 1206 2312 effulsit
1227 2283 1334 2316 variiS.
