1679 2491
741 71 973 106 —67‘

285 162 368 195 Dum
391 164 548 195 Barnardi
573 172 684 203 corpus
711 164 794 203 cepit

330 208 487 241 Redolere
512 210 709 248 dulcissime3

286 255 398 287 Omnes
423 263 497 294 ergo
520 264 597 287 voce
620 256 675 294 pia

288 300 495 332 Decantemus
519 301 667 340 Alleluja.

353 384 412 415 Ad
435 383 549 414 Matu
559 383 698 415 tinum.

417 441 630 469 Invitatorium.

288 498 471 530 Translatus
497 501 545 529 est
566 497 601 528 in
623 498 723 537 gloria

288 544 399 576 Pastor
421 547 537 583 noster,
562 543 709 582 Alleluja.

351 628 412 658 Ad
435 626 491 658 No
502 630 700 658 cturnum.

429 685 620 720 Antiphonae.

251 768 257 774 .
282 741 335 773 Ad
359 740 484 772 laudem
507 742 554 772 tui
575 742 708 773 nominis

286 786 502 826 Barnardique
525 788 567 818 sit
590 787 667 818 haec
692 788 767 828 dies,

287 833 419 873 Christe,
443 836 544 872 pater,
570 831 639 864 fons
664 834 798 874 luminis,

287 878 473 911 Cunctorum
497 879 641 910 conditor
664 880 716 919 qui
741 888 784 915 es.

250 957 258 966 .
282 934 364 966 Dum
385 934 549 965 thesaurus
574 935 711 966 occultus
736 944 829 974 quae-

606 981 695 1021 ritur,

283 1026 418 1057 Puerilis
439 1034 549 1057 manus
574 1028 755 1066 conteritur,

282 1071 362 1103 Vino
371 1081 460 1103 sacro
467 1075 539 1110 post
547 1072 624 1103 haec
631 1073 830 1112 adspergitur

282 1117 326 1149 Et
340 1118 451 1149 illaesa
466 1126 523 1156 per
541 1121 666 1149 cunctos
681 1119 827 1151 cernitur.

251 1198 256 1204 .
284 1174 320 1205 ln
345 1173 396 1204 die
419 1173 632 1204 translationis

286 1219 434 1250 Sanitatis
459 1218 609 1258 obsequia

284 1265 368 1296 Data
391 1264 532 1303 pluribus
556 1265 697 1303 personis

283 1311 363 1343 Sunt
388 1309 494 1341 divina
516 1310 664 1348 potentia.

420 1373 622 1407 Responsoria.

251 1446 259 1454 .
283 1419 412 1451 Visione
430 1420 536 1450 multis
560 1421 706 1458 apparuit

283 1466 379 1498 Sacer
386 1466 511 1505 praesul
519 1466 616 1505 lapsis
626 1466 827 1507 temporibus,

283 1513 372 1551 Ipsos
397 1520 518 1551 quoque
542 1512 676 1543 dulciter
696 1513 814 1543 monuit

283 1558 346 1590 Pro
367 1558 511 1589 levandis
532 1558 630 1597 ipsius
655 1558 785 1591 ossibus.

249 1628 256 1635 .
283 1604 437 1636 Finaliter
459 1604 514 1634 uni
538 1605 578 1636 de
601 1602 751 1635 fratribus

286 1651 402 1682 Beatus
427 1650 475 1682 vir
500 1650 701 1682 comminatus
727 1649 795 1683 fuit.

250 1731 256 1737 .
283 1705 486 1737 Romanensis
510 1705 643 1745 populus
667 1706 803 1745 gaudeat

282 1752 400 1784 Videns
416 1755 538 1791 patrem
554 1760 642 1783 suum
659 1752 827 1783 exaltatum

282 1798 326 1829 Et
348 1801 514 1837 patronum
536 1797 657 1837 sibique
680 1798 806 1829 studeat

280 1844 442 1875 Exhibere
467 1844 593 1883 dignum
619 1842 810 1878 famulatum,

245 1913 252 1921 .
279 1890 483 1923 sacerdotum
507 1890 594 1920 sidus
616 1890 759 1924 irradiat,

280 1936 356 1975 Quis
380 1939 430 1968 est
454 1936 556 1975 homo,
581 1936 635 1974 qui
656 1944 738 1967 nunc
761 1935 826 1969 suf-

605 1980 691 2013 ficiat

279 2029 440 2063 Exhibere
470 2029 596 2068 dignum
621 2027 826 2060 famulatum?

225 2087 255 2119 3.
283 2086 307 2118 O
333 2084 507 2124 Barnarde,
533 2086 624 2123 pater
648 2084 779 2123 egregie,

276 2131 330 2164 Ad
354 2135 387 2162 te
401 2131 490 2171 puris
506 2131 660 2170 spiramus
680 2130 825 2162 cordibus

277 2179 444 2219 Rogantes,
459 2178 541 2217 quod
556 2185 719 2209 conserves
732 2177 827 2209 hodie

276 2226 395 2257 Locum
411 2228 497 2257 tuum
515 2232 583 2257 cum
601 2223 823 2256 habitantibus.

889 165 916 196 V

897 453 913 484 1

895 646 915 676 2

895 839 913 870 3

892 1032 914 1063 4

920 192 926 198 .
952 164 1079 196 Festum
1103 168 1188 196 tuum
1215 165 1325 196 devote
1350 166 1487 205 colimuS,

955 211 1001 243 Ut
1024 211 1175 251 gubernes
1195 219 1327 250 semper,
1355 211 1494 250 deposci-

1274 265 1352 288 mus.

1042 340 1057 370 1
1066 348 1086 370 n
1110 339 1137 370 L
1146 348 1164 370 a
1172 349 1193 370 u
1203 338 1241 369 di
1250 338 1269 369 b
1279 348 1299 369 u
1307 348 1332 370 s.

1094 397 1285 432 Antiphonae.

920 477 926 484 .
951 452 1083 484 Indutus
1108 451 1321 484 fortitudinem

1000 499 1116 530 Contra
1139 498 1288 537 malignos
1313 499 1442 538 spiritus

952 543 1017 575 Dat
1043 543 1147 575 odoris
1173 544 1366 577 dulcedinem

997 589 1188 629 Barnardus,
1214 592 1338 629 praesul
1359 591 1494 624 inclitus„

920 669 926 675 .
954 643 1077 676 Servite
1100 645 1133 675 in
1156 646 1277 676 laetitia

997 691 1170 730 Barnardo,
1196 694 1300 723 nostro
1324 693 1471 731 praesuli,

950 736 996 768 Ut
1018 737 1166 776 impetret
1191 746 1260 768 cum
1283 738 1385 777 gratia

999 782 1137 814 Salutem
1161 785 1208 814 sui
1233 785 1351 822 populi.

918 861 926 870 .
952 837 989 868 In
1013 840 1099 870 terra
1125 838 1248 869 deserta
1272 837 1340 876 fuit,

995 885 1085 915 Invia
1110 887 1142 914 et
1163 885 1323 924 inaquosa,

950 929 995 960 Et
1017 939 1075 968 per
1098 935 1239 969 tempora
1262 931 1351 962 latuit

995 976 1168 1015 Margarita
1192 976 1342 1016 speciosa.

917 1056 924 1063 .
949 1030 1134 1062 Benedicite
1156 1031 1258 1062 omnia

997 1077 1100 1115 Opera
1122 1076 1183 1107 Dei
1205 1076 1348 1117 Domino,

951 1122 1009 1160 Qui
1032 1123 1228 1154 Barnardum
1251 1123 1283 1153 in
1304 1123 1405 1162 gloria

994 1168 1104 1200 Posuit
1128 1169 1195 1199 sine
1217 1169 1359 1200 termino.

949 1223 986 1255 In
1002 1223 1062 1254 hoc
1075 1221 1154 1254 festo
1166 1224 1242 1255 tuba
1255 1232 1322 1254 cum
1334 1227 1493 1262 tympano,

950 1269 1146 1308 Psalterium,
1167 1270 1276 1301 chorus
1295 1278 1363 1300 cum
1377 1278 1492 1309 organo

950 1314 995 1346 Et
1019 1315 1138 1345 cithara
1158 1318 1304 1346 resonent
1322 1315 1449 1346 vocibus

951 1360 1026 1391 Cum
1044 1360 1194 1400 cymbalis
1210 1360 1290 1392 bene
1302 1361 1492 1393 sonantibus.

1066 1423 1111 1450 Ad
1132 1423 1313 1451 Benedictus.

950 1471 1184 1510 Jusjurandum,
1210 1471 1293 1509 quod
1313 1472 1440 1510 Juravit,

996 1517 1089 1548 Hunc
1110 1525 1144 1547 se
1166 1517 1267 1548 locum
1289 1519 1494 1556 servaturum,

951 1564 1059 1602 Usque
1081 1571 1164 1594 nunc
1186 1563 1255 1602 ipse
1278 1563 1416 1595 servavit

994 1609 1038 1640 Et
1061 1609 1200 1641 servabit
1221 1609 1254 1639 in
1278 1608 1425 1649 futurum,

950 1655 984 1687 Si
1008 1665 1065 1694 pro
1090 1664 1182 1693 posse
1205 1656 1388 1686 honoremus

994 1701 1075 1732 Eum
1099 1702 1132 1732 in
1155 1702 1214 1733 hac
1238 1702 1386 1741 ecclesia3

948 1747 1044 1787 Ergo,
1070 1747 1194 1787 fratres,
1219 1756 1302 1778 nunc
1326 1747 1492 1779 clamemus

994 1793 1092 1825 Simul
1116 1802 1220 1825 omues
1244 1793 1391 1831 Alleluja.

1020 1876 1065 1907 In
1089 1877 1121 1908 2.
1147 1877 1356 1914 Vesporis.

1070 1935 1115 1962 Ad
1132 1933 1307 1971 Magnificat.

948 1992 1025 2025 Cum
1040 1992 1220 2023 Barnardus
1236 1991 1268 2022 in
1281 1992 1344 2024 alto
1356 1993 1491 2034 ponitur,

947 2039 984 2069 In
1009 2038 1135 2070 brachio
1160 2037 1235 2069 fecit
1258 2039 1429 2077 potentiam

948 2083 1044 2124 Deus,
1070 2085 1153 2117 salus
1178 2085 1278 2124 aegris
1302 2085 1491 2125 impertitur,

947 2131 999 2162 Ad
1013 2131 1165 2170 praesulis
1178 2131 1301 2163 laudem
1311 2135 1341 2163 et
1350 2132 1490 2171 gloriam,

946 2176 989 2209 Et
1011 2178 1135 2210 beatum
1159 2178 1338 2217 perenniter
1362 2187 1468 2210 omnes

948 2223 1065 2256 Dicunt
1089 2233 1126 2255 ex
1150 2225 1209 2256 hoc
1232 2225 1457 2264 generationes.

285 2290 368 2317 Brev.
389 2289 418 2316 S.
438 2288 579 2316 Barnardi
600 2289 630 2315 in
649 2288 786 2316 Romanis
807 2289 875 2323 imp.
895 2288 1033 2316 Romanis
1055 2286 1135 2316 1518.

1284 2335 1323 2364 5*
