1656 2491
227 450 255 480 V

234 605 253 635 3

224 875 254 905 V

230 1412 251 1441 2

230 1612 251 1642 3

228 1902 245 1933 1

215 2175 256 2207 V.

751 83 977 118 -60—

257 203 264 210 .
292 177 383 210 Clara
407 178 505 216 stirpe
530 177 708 217 progenitus

294 223 421 262 Eamus,
447 222 574 254 antistes
599 222 733 259 inclitus,

340 270 377 300 In
401 269 469 307 lege
492 267 636 298 meditari

295 314 431 345 Solertcr
454 313 581 346 studuit.

295 359 387 391 Unde
409 358 577 396 promeruit

340 404 487 436 Coronam
513 402 574 432 sibi
598 402 676 432 dari.

257 476 263 482 .
291 448 412 480 Letaeis
438 449 545 486 culpae
566 447 688 486 penitus

335 494 457 531 Expers
481 494 513 523 in
537 493 605 524 ist-is
631 491 732 523 renuit

384 538 515 569 Caducis
537 539 725 576 prosperari.

257 627 264 634 .
290 603 409 633 Aevum
432 601 660 633 adolescentiae

289 647 385 678 Donis
409 650 595 685 praeventus
619 647 737 685 gratiae

333 693 477 724 Modeste
500 693 712 732 pertransivit,

285 738 402 769 Locum
424 747 539 777 parans
561 738 727 769 virtutibus

292 783 405 815 Christi
428 784 582 815 mandatis
607 784 744 815 omnibus

334 829 471 860 Devotus
496 829 644 870 obedivit,

256 899 263 907 .
288 874 494 906 Praecurrens
520 875 716 906 castimoniae

336 921 409 952 Vias
434 920 555 959 pudicis
578 921 732 960 gressibus

387 965 494 997 Carnis
517 970 617 997 motus
641 967 770 998 attrivit.

350 1085 394 1115 In
420 1086 450 1115 2.
475 1083 531 1115 No
543 1088 697 1115 cturno.

432 1147 621 1181 Antiphonae.

255 1237 262 1244 .
287 1211 462 1242 Illustratus
488 1214 519 1242 et
538 1212 674 1251 signatus

331 1257 391 1288 Dei
415 1258 517 1288 vultus
541 1257 656 1288 lumine

332 1302 462 1334 Fruitur
485 1303 668 1335 interminae

287 1347 398 1379 Somno
422 1349 508 1386 pacis
531 1349 581 1379 vir
606 1349 722 1380 beatus.

255 1436 262 1442 .
286 1410 382 1442 Liber
406 1412 481 1441 satis
507 1420 524 1441 a
547 1412 683 1450 peccatis

333 1456 447 1487 Factus
469 1458 594 1495 praesul
618 1457 751 1493 inclituS,

333 1502 503 1533 Coronatus
528 1503 656 1534 coelitus

287 1546 379 1578 Scuto
404 1547 503 1579 bonae
526 1548 701 1579 voluntatis.

255 1634 261 1641 .
286 1610 459 1642 Minoratus
482 1611 532 1642 vir
551 1611 660 1643 beatus

330 1656 426 1687 Paulo
449 1657 519 1695 plus
544 1666 635 1695 quam
658 1665 779 1697 supera,

328 1701 389 1732 Dei
411 1703 494 1734 rexit
514 1711 610 1741 opera

283 1747 400 1779 Letalis
425 1756 535 1787 expers
559 1750 671 1780 reatus.

419 1838 620 1872 Responsoria.

252 1926 259 1933 .
285 1901 382 1933 Cruce
407 1911 529 1934 carnem
553 1907 700 1943 attenuat,

281 1947 383 1978 Multa
406 1957 446 1978 ne
468 1949 558 1988 lapsa
580 1951 698 1981 minuat

328 1992 491 2032 Stipendia
513 1994 670 2036 laborum;

280 2037 372 2069 Hanc
394 2047 465 2070 caro
488 2041 587 2071 nutrit
608 2040 723 2077 fomite,

282 2083 331 2115 Ne
354 2083 495 2117 fortassis
520 2094 538 2116 a
562 2087 686 2118 tramite

327 2130 471 2162 Declinet
493 2135 738 2172 praeceptorum.

282 2175 343 2207 Hie
366 2176 463 2208 libido
488 2186 549 2209 non
573 2181 702 2218 aestuat,

329 2222 415 2260 Quae
437 2224 521 2255 nullo
547 2227 667 2257 constat
694 2227 804 2259 comite

376 2269 497 2307 Stipata
522 2271 675 2303 vitiorum.

898 176 928 206 2.
954 174 1089 205 Attritus
1114 176 1302 214 parsimonia

879 2182 915 2214 v.

960 220 1029 251 Non
1054 220 1170 259 injectu
1194 223 1250 253 sed
1272 221 1373 260 gratia

1001 266 1136 298 coelesti
1159 270 1344 305 provocatus

953 310 1139 350 Metropolis
1163 312 1338 344 Turonicae

953 355 1141 388 Conscendit
1163 357 1332 389 honorifice

999 402 1111 434 Sedem
1134 403 1343 444 pontificatus,

951 446 1097 478 Sanctum
1123 448 1191 480 fore
1213 449 1378 487 praeludia

999 493 1092 531 Signo
1116 496 1291 525 monstrant
1314 493 1481 532 multiplici

1044 537 1132 569 Finis
1158 541 1190 569 et
1211 539 1374 570 incolatus.

917 626 924 632 .
949 601 1032 632 Dum
1056 603 1150 633 maris
1175 602 1208 633 in
1230 602 1370 641 periculo

952 646 1098 679 Sanctum
1122 650 1231 687 rogatu
1254 649 1363 680 sedulo

994 694 1166 725 Martinum
1187 694 1357 734 invocaret,

948 738 1002 769 Illi
1025 739 1180 770 Martinus
1203 739 1315 781 adfuit,

949 784 1085 823 Moxque
1109 787 1232 816 sanctus
1257 785 1400 823 obtinuit,

995 830 1176 869 Tempestas
1202 834 1236 862 ut
1260 834 1414 873 cessaret3

949 875 1147 907 Vociferantc
1171 877 1280 908 zabulo

996 921 1131 954 Turbari
1154 931 1310 962 nunquam
1333 923 1445 963 potuit,

1040 967 1087 998 Ut
1109 977 1128 999 a
1150 977 1245 1006 prece
1270 971 1404 1000 vacaret.

1011 1086 1058 1117 In
1082 1086 1113 1117 3.
1139 1086 1361 1120 Nocturno.

1094 1149 1285 1183 Antiphonae.

918 1236 925 1242 .
952 1212 1175 1252 Supergressus
1200 1214 1282 1246 vitae
1305 1223 1429 1253 gressus

992 1259 1093 1298 Hujus
1117 1260 1183 1290 sine
1206 1260 1328 1291 macula

992 1304 1059 1336 Tua
1082 1305 1291 1343 tabernacula,

946 1349 1040 1389 Deus,
1066 1351 1191 1382 tandem
1216 1354 1264 1382 est
1286 1351 1452 1390 ingressus.

914 1438 920 1445 .
948 1412 1106 1445 Gloriatur
1131 1417 1162 1445 et,
1184 1414 1319 1446 laetatur

993 1459 1030 1490 1n
1054 1459 1170 1490 virtute
1193 1460 1322 1492 Domini

991 1505 1188 1544 Honorisque
1211 1506 1325 1545 gemini

945 1549 1034 1581 Serto
1059 1559 1179 1590 quoque
1205 1556 1385 1585 coronatur.

918 1641 925 1647 .
947 1614 1067 1645 Mundo
1093 1615 1187 1647 corde
1211 1617 1277 1647 sine
1300 1618 1392 1649 sorde

996 1660 1097 1691 Deum
1121 1663 1277 1700 generatio

997 1706 1084 1738 Haec
1106 1707 1255 1745 quaesivit
1281 1709 1385 1741 studio

948 1751 1104 1790 Manuque
1127 1752 1336 1785 misericorde.

1086 1843 1287 1878 Responsoria.

914 1932 921 1939 .
946 1906 1059 1939 Divino
1084 1908 1231 1940 mundum
1251 1911 1368 1942 semine

945 1953 1093 1993 ReplenS,
1122 1955 1235 1986 ardore
1258 1958 1398 1996 geminae

993 1999 1163 2032 Succensus
1189 2002 1337 2034 caritatis.

946 2030 1058 2084 A¹egris
1083 2046 1175 2078 affert
1196 2037 1343 2088 remedia,

943 2092 1099 2124 Mendiois
1124 2095 1156 2124 et
1178 2093 1324 2134 obsequia

991 2137 1136 2170 Praestat,
1157 2140 1373 2182 humanitatis3

943 2182 1125 2217 Praeclarus
1150 2187 1359 2219 sanctitudine

990 2229 1077 2262 Coeli
1100 2232 1226 2264 tandem
1249 2234 1281 2265 in
1306 2234 1406 2274 gloria

1035 2277 1185 2309 Laetatur
1210 2288 1277 2311 cum
1302 2280 1412 2315 beatis.
