1674 2492
629 104 879 139 —193—

124 196 156 227 3.
180 196 263 227 Dum
287 198 378 234 pater
404 198 659 230 elementissimus

227 241 322 273 Suum
346 243 493 275 verberat
516 247 674 285 populum,

181 287 239 319 Vir
261 288 322 319 iste
347 289 563 322 devotissimus

227 335 280 366 Ad
303 335 405 366 Deum
429 337 514 368 levat
537 339 669 377 oculum,

180 380 226 412 Ut
250 384 317 412 erat
341 379 588 415 ferventissimus

226 426 416 467 Obsequium
442 429 519 461 dans
542 430 703 471 sedulum;

113 472 149 504 V.
176 472 238 504 Hic
262 473 377 507 Tobias
402 475 591 518 notissimus⁷

179 519 236 557 Qui
260 523 398 552 mortuos
423 522 612 554 humillimus

225 567 369 600 Portavit
392 569 434 600 ad
458 569 618 602 tumulum.

244 696 290 728 In
316 699 347 732 2,
373 697 597 729 Nocturno.

324 779 517 815 Antiphonae.

125 846 155 877 1.
180 844 310 877 Lassato
332 846 397 884 ,iam
422 846 559 877 exercitu

224 891 377 923 Diuturno
401 892 549 931 languore

180 937 326 970 Infideles
353 946 420 969 cum
448 937 574 969 fremitu

227 987 404 1017 Accurrunt
428 987 459 1016 et
484 984 598 1017 furore.

123 1042 156 1073 2.
180 1041 294 1080 Populi
315 1041 463 1080 princeps
487 1039 588 1072 iuriae

226 1087 297 1118 Non
322 1087 406 1118 cedit
428 1086 567 1119 effrenati

180 1133 372 1172 Monstrans‚
397 1142 432 1165 se
454 1134 630 1165 voluntarie

226 1181 288 1212 Pro
314 1180 437 1212 Christo
461 1189 576 1218 poenas
602 1180 679 1219 pati,

125 1237 154 1268 3.
180 1235 301 1267 Duc-tus
325 1235 366 1267 atl
388 1236 491 1267 locum
516 1236 649 1267 carceris

226 1281 310 1313 Mire
333 1281 396 1312 fert
419 1281 459 1314 ad
483 1282 648 1313 tentorium

181 1327 322 1359 Sollicito
345 1336 403 1368 pro
427 1329 566 1367 vesperis

227 1375 369 1413 Paganus
395 1374 590 1407 breviarium.

306 1457 538 1492 Responsorium.

127 1523 158 1554 1.
183 1522 266 1554 Laus
291 1522 348 1554 tibi
372 1531 429 1562 per
451 1524 575 1555 saecula

227 1570 323 1610 Patri,
349 1572 432 1610 nato,
458 1571 622 1611 paraclito,

180 1616 267 1654 Quod
293 1625 348 1648 rex
373 1617 439 1648 sine
462 1617 583 1649 macula

273 1663 334 1694 Por
358 1666 390 1694 te
414 1664 574 1706 liberatur,

181 1707 264 1739 Dum
288 1709 319 1739 in
345 1709 474 1741 Soldani
499 1710 601 1741 subito

227 1755 289 1786 illa
313 1764 386 1795 gens
412 1756 575 1787 incredula

182 1800 250 1831 Tuo
273 1800 473 1840 beneplacito

273 1846 377 1878 Morte
403 1847 577 1879 effrenatur.

116 1894 153 1926 V.
178 1893 229 1924 En
254 1893 314 1925 Dei
338 1894 441 1925 virtus
466 1894 584 1933 sedula,

229 1941 290 1972 Pro
316 1941 379 1971 suis
406 1948 484 1979 quac
506 1942 569 1971 tam
597 1941 656 1972 cito

181 1987 334 2019 Pellendo
357 1987 499 2027 pericula

272 2034 358 2066 Mira
377 2036 535 2073 operatur.

125 2092 156 2125 2.
182 2089 321 2122 Bissenis
348 2099 416 2123 eum
438 2089 607 2122 baronibus

223 2136 348 2169 Firmus
372 2146 428 2168 rex
452 2138 484 2168 in
509 2136 572 2168 fide
597 2144 671 2167 vera

275 2183 325 2216 De
348 2184 449 2224 pactis
471 2183 632 2222 juraturus

185 2229 349 2262 Saracenis
374 2230 549 2264 furentibus

230 2278 413 2317 Respondet
436 2286 512 2310 voce
535 2276 652 2309 libera:

280 2324 444 2365 Nunquam
458 2333 525 2356 sum
537 2324 571 2356 id
581 2322 729 2355 facturus.

166 2384 186 2406 D
199 2389 283 2405 reves
292 2398 297 2408 ‚
312 2382 431 2406 Historiae
444 2382 597 2409 rhythmicae.
624 2382 655 2404 II.

785 198 823 230 V.
849 198 883 230 Si
905 207 967 229 non
990 198 1053 229 stas
1078 196 1126 228 his
1150 194 1353 234 sermonibus,

896 244 951 277 Ait
972 243 1020 275 illi
1044 252 1118 283 gens
1143 242 1246 280 effera,

944 289 1102 323 Christum
1126 297 1157 320 es
1181 290 1359 328 negaturus-

794 347 824 378 3.
849 345 1020 385 Regressus
1044 354 1100 376 rex
1125 345 1165 376 ad
1189 343 1318 383 propria

894 391 966 423 Non
991 391 1112 423 destitit
1133 391 1278 422 insistere

942 438 1035 477 Operi
1059 439 1207 476 virtuoso,

850 483 891 515 Se
914 486 1028 515 mactat
1051 492 1110 523 pro
1134 484 1246 523 hostia,

894 529 1017 569 Egenos
1042 530 1123 562 levat
1148 538 1284 569 munere,

940 576 1102 608 Ministrat
1124 576 1258 615 leproso,

784 621 820 652 V.
853 620 963 654 visitat
986 623 1182 662 monasteria,

894 668 1011 700 Demos
1035 668 1095 699 Dei
1119 677 1157 699 ex
1179 677 1274 707 opere

942 714 1122 746 Construxit
1144 717 1333 754 sumptuoso.

912 824 959 855 In
986 826 1016 857 3.
1042 824 1265 858 Nocturno.

992 897 1175 932 Antiphonae
1182 919 1183 922 ,

791 954 820 987 1.
849 953 909 985 Gor
933 953 1037 985 verbis
1061 962 1170 986 sacrae
1193 955 1369 994 scripturae

894 1000 1051 1032 Sollicitus
1076 1002 1207 1041 apponit

847 1047 999 1086 Omnique
1021 1047 1121 1087 regali
1141 1048 1213 1087 jure

894 1093 1030 1127 Verbum
1053 1094 1114 1126 Dei
1137 1095 1293 1134 proponit.

791 1151 823 1182 2.
849 1149 944 1181 Bonis
969 1159 1091 1189 semper
1115 1150 1261 1189 operibus

894 1196 1025 1228 Sanctus
1050 1206 1105 1228 rex
1128 1197 1321 1237 intendebat,

853 1241 961 1273 Simile
986 1242 1171 1275 facientibus

895 1289 1033 1321 Devotus
1058 1289 1257 1324 adhaerebat.

793 1346 823 1377 3.
850 1344 894 1377 Ut
917 1345 999 1384 regis
1024 1346 1123 1377 sancti
1145 1346 1258 1378 merita

896 1392 1145 1424 Remunerantur
1166 1393 1258 1433 natis,

850 1437 908 1469 His
933 1439 986 1477 pia
1010 1440 1109 1471 tradit
1131 1440 1258 1480 monita,

895 1485 1026 1518 Semitas
1051 1486 1226 1526 aequitatis.

982 1559 1186 1594 Responsoria.

795 1616 825 1647 1.
850 1616 930 1648 Toto
957 1616 1051 1648 corde
1076 1625 1143 1648 cum
1168 1625 1242 1656 rege
1266 1619 1353 1650 Josia

851 1662 1010 1700 Quaesivit
1032 1663 1131 1694 Deum
1156 1663 1195 1695 ab
1219 1663 1363 1703 infantia,

849 1708 955 1740 David
979 1710 1059 1741 alter
1081 1710 1297 1742 misericordia

850 1754 895 1785 Et
918 1754 1062 1786 Salomon
1085 1758 1132 1787 est
1155 1756 1317 1796 sapientia,

785 1802 826 1833 V.
852 1801 971 1839 {ioseph
996 1806 1043 1833 est
1065 1802 1265 1840 providentia

852 1846 896 1877 Et
920 1846 1047 1879 Gedeon
1074 1849 1256 1883 constantia.

796 1904 826 1935 2.
851 1902 901 1933 De
924 1902 1078 1942 largitatis
1103 1905 1214 1936 horreo

852 1948 921 1980 Rex
944 1950 1120 1982 misericors
1145 1952 1255 1983 tribuit

852 1995 952 2027 Plena
974 2006 1067 2028 manu
1090 1999 1289 2041 pauperibus,

853 2042 934 2081 Quos
959 2044 1113 2076 visitando
1140 2045 1258 2086 circuit,

854 2088 945 2121 Cibos
970 2091 1016 2121 ori
1040 2091 1217 2123 intromittit

852 2135 895 2166 Et
918 2136 1015 2176 pedes
1039 2138 1171 2178 supplex
1194 2139 1301 2176 abluit,

788 2181 824 2214 V.
852 2182 875 2214 O
901 2186 1031 2222 quantus
1057 2188 1088 2215 et
1110 2186 1208 2225 qualis
1235 2186 1302 2230 fuit,

854 2228 911 2267 Qui
935 2232 998 2261 tam
1022 2231 1107 2271 pium
1133 2240 1185 2264 cor
1211 2233 1328 2276 habuit,

855 2276 942 2314 Quod
968 2279 1071 2317 egenis
1095 2281 1283 2319 compatiens

855 2322 1019 2356 Servitium
1044 2325 1103 2357 hoc
1126 2328 1280 2365 praebuit.

1196 2380 1229 2410 13
