1656 2491
727 49 979 82 *118—

249 169 255 176 .
281 146 361 176 Erat
384 145 449 183 ejus
473 144 581 183 patula

324 194 417 229 porta.
439 189 559 225 viatori,

280 236 427 275 Equestri
450 237 484 266 et
504 234 622 273 pedito,

325 282 392 312 seni
416 283 447 310 et
469 279 591 309 minori.

415 342 617 376 Responsoria.

225 392 254 422 l.
270 390 367 421 'Vixit
388 390 421 419 in
443 389 503 419 hac
524 387 590 418 vita

324 434 410 465 velut
432 432 574 464 Jonadab
599 431 781 469 Rechabita‚

281 479 336 511 Cui
361 487 469 510 census
495 486 621 509 coenum

323 523 385 556 fuit
408 527 440 555 et
463 532 535 555 caro
550 522 663 555 florida
679 521 821 561 foenum3

246 599 251 605 .
279 570 401 602 Gaudia
424 573 549 601 terrena

224 674 243 703 [Ο

227 954 246 984 3

230 1455 247 1486 1

229 1647 248 1676 2

228 2088 244 2121 1

324 616 431 648 mundi
458 615 644 654 contempsit
667 623 804 647 amoena.

248 696 255 703 .
281 671 390 703 Carnis
413 674 487 703 vota
509 673 622 707 terens,

326 716 465 749 Danielis
489 716 625 748 moribus
649 716 789 754 haeream,

281 763 362 794 Usus
387 771 476 800 aqua,
504 770 594 800 pane,

327 815 438 846 corpus
463 806 609 837 contrivit
630 806 740 845 inane3

247 878 254 885 .
279 853 340 883 Pro
366 852 496 890 dapibus
520 852 601 890 regis

327 897 510 936 placuerunt
533 897 633 928 azima
654 896 741 936 legis,

250 978 257 986 .
283 952 362 982 Mite
386 959 449 990 cor,
473 951 577 990 ampla
598 960 718 991 manuS,

324 997 406 1035 Jugis
429 996 588 1036 patientia,
614 1006 706 1028 sanus

284 1042 401 1081 Sermo,
426 1041 503 1074 fides
527 1042 629 1081 plena,

327 1096 398 1126 spes
422 1089 530 1127 ardua,
555 1086 639 1120 fama
661 1097 783 1127 serena,

283 1133 397 1164 Mentis
421 1136 494 1164 vota
515 1134 587 1172 piae

329 1178 405 1210 <lant
425 1179 508 1210 hune
531 1178 667 1210 similare
687 1179 820 1218 Tobiae3

250 1250 255 1257 .
281 1223 375 1256 Dives
400 1227 467 1255 erat
489 1224 615 1263 meritis,

329 1269 470 1309 quoniam
478 1269 583 1300 botrus
592 1271 731 1309 germina
737 1270 819 1302 vitis.

349 1351 394 1382 In
419 1352 449 1383 3.
475 1351 694 1383 Nocturno.

426 1408 615 1443 Antiphonae.

254 1479 260 1486 .
285 1453 468 1485 Praesulatu
490 1454 616 1494 Moyses

329 1499 436 1531 Aaron
458 1501 625 1542 insignivit,

283 1544 374 1576 Hunc
398 1545 439 1577 ad
462 1546 666 1578 sacerdotium

330 1590 414 1622 Deus
437 1592 610 1623 accersivit.

251 1669 258 1676 .
283 1645 381 1676 Lacte
402 1649 510 1685 pastor
531 1647 679 1685 providus

329 1692 473 1730 parvulos
497 1693 624 1733 potavit,

285 1736 360 1768 Cibo
383 1737 471 1769 verbi
494 1738 593 1770 solido

330 1782 474 1815 fortiores
496 1783 593 1822 pavit.

252 1861 259 1869 .
286 1837 381 1875 Quam
405 1839 536 1877 speciosi
559 1840 655 1878 pedes

329 1892 436 1922 pacem
459 1885 666 1923 praedicantis

287 1928 382 1966 Quam
406 1933 494 1969 grata
517 1939 577 1962 vox
599 1932 718 1963 exstitit

331 1975 577 2015 evangelizantis.

420 2042 621 2079 Responsoria.

251 2113 258 2120 .
284 2088 337 2120 Sal
360 2087 419 2120 fuit
442 2093 581 2129 optatum

328 2138 430 2168 terrae
452 2146 514 2168 non
536 2136 729 2178 infatuatum,

282 2180 464 2214 Pontificale
488 2182 581 2215 decus

331 2228 379 2259 cui
405 2229 534 2261 contulit
555 2230 673 2262 arbiter
695 2239 820 2272 aequus,

879 139 916 171 V.

887 236 918 266 2.

886 1290 915 1321 3.

942 139 988 171 Ut
1009 140 1064 170 lux
1087 138 1228 169 sublimis

991 184 1116 216 summis
1140 184 1259 215 luceret
1280 184 1313 215 in
1336 183 1421 214 imis.

944 234 1087 266 certator
1110 232 1200 264 fortis

989 282 1135 318 superato
1159 279 1302 317 principe
1325 279 1441 311 mortis

943 326 1015 358 Jam
1040 323 1154 356 fruitur
1175 324 1251 363 vita,

990 371 1040 402 cui
1061 379 1144 402 mors
1169 370 1342 401 succumbit
1366 370 1465 409 avita,

942 416 1044 456 Signis
1067 418 1200 447 testatur

991 471 1050 501 quo
1073 463 1174 494 laetus
1197 462 1316 493 honore
1338 461 1460 493 beatur.

943 513 967 545 O
992 514 1040 544 sol
1061 513 1211 552 justitiae,

989 557 1133 598 largiflua
1156 567 1236 590 vena
1259 558 1397 598 sophiae,

944 605 1101 636 Praesulis
1124 604 1286 636 Edmundi

989 651 1108 682 meritis
1132 652 1215 682 mala
1239 651 1309 682 dele
1332 651 1449 690 mundi,

941 697 1071 728 Morbos
1096 697 1244 735 convelle,

989 744 1094 780 pestes
1116 750 1233 782 preme,
1258 742 1379 781 proelia
1395 743 1495 782 pelle.

1035 815 1051 846 Ι
1059 824 1080 845 n
1104 815 1132 846 L
1141 824 1189 846 au
1198 815 1268 846 <lib
1277 824 1298 846 u
1305 824 1332 848 s,

1085 869 1277 904 Antiphonae.

911 939 917 944 .
946 915 1116 947 Coelestem
1139 916 1312 947 Jerusalem

987 962 1075 992 nulla
1096 970 1159 993 nox
1184 961 1352 1003 confuseat,

942 1007 981 1038 In
1004 1015 1065 1045 qua
1087 1008 1168 1038 vitro
1192 1009 1301 1046 purior

987 1053 1112 1090 praesul
1136 1053 1188 1084 hic
1213 1057 1380 1086 corruscat.

911 1124 917 1132 .
941 1102 1030 1133 Vivis
1054 1110 1092 1133 cx
1112 1104 1271 1142 lapidibus

986 1148 1061 1179 urbs
1085 1149 1277 1191 aedificatur,

941 1194 1028 1225 Inter
1052 1202 1126 1232 quos
1151 1195 1202 1226 hic
1223 1197 1335 1229 rutilus

987 1239 1068 1278 lapis
1092 1241 1263 1276 ordinatur.

940 1289 1050 1321 Enoch
1073 1290 1157 1322 Deus
1182 1295 1343 1325 transtulit

987 1339 1116 1367 mortem
1139 1341 1212 1375 post
1233 1340 1380 1378 visurum,

941 1381 1034 1412 Hunc
1056 1381 1090 1413 in
1113 1383 1233 1414 coelum
1253 1386 1380 1417 sustulit

988 1436 1142 1467 nunquam
1166 1431 1359 1465 moriturum.

943 1477 995 1509 Ad
1021 1478 1106 1517 cujus
1130 1481 1309 1513 memoriam

987 1523 1071 1555 vitae
1094 1528 1309 1558 restaurantur

942 1568 1069 1608 Mortui,
1095 1571 1240 1602 remediis

986 1613 1126 1654 languidi
1151 1616 1313 1651 donantur.

911 1687 917 1694 .
941 1663 1002 1695 Est
1023 1665 1056 1695 in
1082 1666 1166 1697 coelo
1188 1667 1327 1706 Jubilans

984 1710 1067 1749 jugis
1092 1714 1124 1742 et
1142 1712 1308 1754 jucunduS,

942 1755 1007 1793 Quo
1032 1757 1115 1788 veris
1141 1758 1260 1791 deliciis

987 1801 1100 1834 Affluit
1123 1803 1320 1839 Edmundus.

1060 1865 1105 1892 Ad
1124 1867 1304 1897 Benedictus.

911 1936 916 1942 .
944 1912 1040 1950 Opem
1063 1913 1162 1952 nobis,

987 1961 1088 1998 pater,
1112 1961 1262 2002 accelera,

942 2005 972 2034 A
996 2007 1125 2043 septena

988 2059 1044 2081 nos
1066 2050 1139 2083 labe
1161 2052 1270 2095 libera,

943 2095 991 2127 Ne
1015 2097 1196 2135 plectendos

987 2145 1060 2182 post
1084 2144 1184 2177 carnis
1210 2143 1324 2178 funera.

941 2187 1106 2221 Desolatos

990 2234 1083 2267 ducat
1105 2238 1147 2269 ad
1170 2238 1281 2273 infera.
