1679 2491
707 80 936 115 -35.-

356 172 387 203 A
397 171 417 202 d
441 170 468 203 L
479 181 498 203 a
506 181 527 203 u
536 173 556 204 d
565 181 614 205 es.

391 225 583 261 Antiphonae.

188 272 222 304 1.
246 272 378 304 Sanctus
400 272 454 303 hic
476 274 618 306 amabilis

294 319 425 350 Ammon
449 320 565 351 mundo
588 320 748 359 splenduit

339 364 493 396 Decorem
516 365 654 406 indutus,

246 411 376 442 Praesul
401 411 588 443 venerabilis

292 456 433 495 Regnum
457 458 564 489 mundi
590 457 709 496 respuit

338 502 505 534 Dominum
529 507 662 537 secutus,

191 554 223 585 2.
249 553 351 585 Orans
375 562 444 584 cum
467 554 587 586 laetitia

292 599 355 631 Pro
379 599 480 631 salute
503 600 611 639 populi

339 644 407 676 Deo
428 645 593 684 jubilabat,

245 690 377 721 Manens
400 690 434 721 in
454 690 577 729 Justitia

291 735 329 766 In
352 736 508 766 saeculum
532 736 648 767 saeculi

336 780 503 812 Dominum
525 782 684 814 laudabat.

188 832 219 863 3.
247 831 349 863 Corde
372 831 473 862 Deum
497 832 604 863 sitiens

246 876 378 908 Fontem
402 878 485 909 vitae
508 879 631 916 sapiens

290 922 358 954 Deo
382 923 533 962 vigilavit,

245 969 303 1000 Vir
326 969 436 1000 beatus
459 968 626 1000 Dominum

245 1014 371 1046 Timens
395 1014 498 1046 labem
523 1015 684 1046 criminum

289 1060 433 1093 Parendo
459 1061 578 1093 vitavit.

184 1111 216 1143 4.
245 1110 374 1142 Gratam
396 1111 488 1142 simul
512 1111 616 1143 omnia

241 1156 310 1188 Deo
334 1157 471 1189 reddant
495 1157 579 1188 entia

287 1203 552 1242 Benedictionem,

243 1248 301 1286 Qui
321 1250 386 1287 jam
411 1258 430 1280 a
453 1249 654 1281 terrestribus

244 1293 372 1326 Sursum
399 1304 467 1326 cum
489 1295 684 1334 principibus

285 1340 410 1372 Extulit
432 1342 624 1374 Ammonem.

185 1391 215 1423 5.
242 1390 357 1422 Sacrae
379 1392 482 1423 laudis
504 1392 638 1424 hostiam

285 1437 434 1469 Reddant
458 1446 528 1469 eum
551 1438 714 1470 harmonia

333 1483 452 1515 Cuncta
477 1484 618 1525 creatori,

240 1529 298 1567 Qui
319 1530 385 1568 jam
411 1530 488 1561 coeli
512 1530 643 1570 gloriam

285 1576 399 1607 Induto
418 1576 542 1614 justitia

331 1623 470 1655 Contulit
494 1623 625 1661 pastori.

1030 175 1075 202 Ad
1093 175 1273 203 Benedictus.

846 227 886 259 A.
911 226 1004 258 Felix
1025 227 1168 265 Ammon,
1193 235 1260 267 ave,

951 273 1455 315 pastorbone,gemmaLeueo1-um

913 319 1006 351 Solve
1025 320 1133 359 jugum
1156 328 1251 359 grave

950 364 1112 404 labemque
1135 365 1250 397 munda
1276 365 1420 397 vitiorum

913 411 975 443 Per
998 411 1059 442 iter
1081 418 1175 443 suave

953 457 1013 488 due
1036 465 1091 487 nos
1114 458 1155 489 ad
1177 466 1272 497 regna
1291 457 1453 489 coelorum.

1055 546 1100 574 Ad
1118 547 1251 574 Tertiam.

880 629 886 635 .
911 602 1033 634 Leucae
1057 601 1134 634 felix
1158 604 1290 635 ecclesia

958 649 1092 681 Honoris
1115 648 1148 679 in
1171 647 1294 688 fastigio

1004 694 1155 724 Excrevit
1178 697 1209 724 et
1231 694 1263 725 in
1288 694 1386 735 bonis,

913 738 995 770 Dum
1018 739 1099 770 mira
1121 738 1211 769 fulsit
1233 740 1334 777 gratia

958 784 1110 823 Glaroque
1133 785 1199 816 vita
1221 785 1310 816 radio

1004 829 1163 861 Pontificis
1186 831 1357 869 Ammonis,

876 899 885 908 .
910 874 1009 907 Nobis
1032 878 1214 907 accrescunt
1236 875 1350 914 gaudia

958 922 1021 953 Pro
1045 930 1120 952 suae
1142 930 1225 953 nuno
1246 922 1394 954 solemnio

1004 966 1318 998 Commemorationis.

980 1086 1026 1117 In
1050 1088 1082 1119 2.
1107 1085 1322 1125 vesperis

1031 1149 1076 1176 Ad
1094 1148 1270 1184 Magnifiea‘t.

879 1235 885 1241 .
912 1210 937 1243 O
961 1213 1069 1249 pastor
1095 1210 1218 1250 egregie

955 1256 1129 1287 Leucorum
1153 1256 1276 1296 civium,

911 1302 1066 1334 Tullensis
1093 1302 1242 1333 ecclesiae

956 1347 1070 1379 Nobile
1096 1348 1279 1388 depositum,

1002 1394 1145 1432 Ammon,
1171 1393 1221 1425 vir
1242 1395 1416 1436 praeclare,

911 1439 976 1472 Ora
996 1447 1100 1479 regem
1123 1439 1250 1480 gloriae,

954 1485 1068 1517 Matris
1092 1487 1192 1517 almae
1215 1485 1323 1527 filium,

909 1531 955 1563 Ut
978 1532 1121 1563 coelestis
1145 1533 1267 1570 patriae

956 1578 1097 1618 Regnum
1121 1578 1210 1609 nobis
1234 1579 1376 1611 inclitum

1001 1623 1156 1663 Dignetur
1179 1628 1351 1663 praestare.

246 1681 330 1708 Brexr.
354 1689 407 1708 ms.
430 1681 566 1708 Tullense
592 1679 732 1709 saec-15.
755 1679 976 1717 (Privatbesitz).
1002 1682 1037 1709 A.
1061 1696 1097 1701 -—
1121 1682 1205 1709 Brev‘.
1224 1683 1362 1710 Tullense
1386 1684 1455 1717 imp.

171 1718 294 1746 Parisiis
317 1716 397 1745 1510.
417 1718 450 1746 Β.
471 1732 506 1737 -
526 1718 637 1752 Leuca,
657 1718 756 1752 Leuci,
775 1719 905 1747 Leucani
925 1721 995 1746 stets
1014 1718 1139 1752 Leueha,
1159 1719 1277 1752 Leuehi,
1297 1719 1454 1751 Leuchani,

171 1755 295 1782 Ammon
315 1757 385 1782 stets
405 1756 500 1782 Amon
518 1756 551 1783 Β.
572 1769 607 1774 --
626 1756 664 1782 In
682 1753 708 1782 3.
728 1739 811 1782 N'oct.
831 1753 853 1781 Α
874 1754 900 1789 2,
919 1753 937 1782 3
951 1755 1086 1783 Obtinere
1103 1756 1206 1782 beatus
1219 1756 1252 1782 B.
1267 1770 1303 1775 —
1315 1756 1351 1782 In
1362 1755 1455 1782 Laud.

170 1791 193 1818 Α
214 1790 241 1827 3,
260 1790 277 1818 5
297 1792 395 1819 labere
415 1793 569 1819 terminum
588 1792 621 1819 Β.
640 1806 678 1811 --
698 1790 719 1818 Α
741 1791 768 1825 4,
787 1790 805 1818 2
824 1792 886 1819 Deo
906 1792 979 1819 fehlt
996 1793 1028 1819 B.

619 1875 662 1905 10.
702 1875 744 1905 De
763 1875 867 1906 saneto
887 1874 1013 1905 Aniano.

308 1934 354 1965 In
381 1934 411 1967 1.
436 1933 650 1972 Vesperis.

384 1988 576 2023 Antiphonae.

179 2039 211 2072 1.
236 2037 376 2070 Resonet
397 2036 431 2067 in
454 2036 564 2075 patulo

284 2083 424 2116 Pectoris
450 2091 597 2114 areanum

234 2130 279 2163 Et
303 2138 372 2162 cum
396 2129 481 2161 dulci
504 2128 630 2160 modulo

282 2177 408 2209 Laudet
430 2176 599 2208 Anianum.

179 2237 209 2268 2.
238 2235 332 2267 Ortus
358 2242 397 2265 ex
421 2231 578 2264 nobilibus

282 2280 371 2313 Urbe
395 2278 618 2312 Viennensium

907 1932 1079 1964 Decoravit
1100 1933 1238 1964 moribus

955 1977 1060 2010 Genus
1082 1979 1269 2013 natalitium.

851 2035 883 2067 3.
908 2033 1066 2073 Spernens
1089 2034 1196 2065 luxum
1220 2034 1338 2067 saeculi

953 2080 991 2112 In
1016 2082 1118 2112 aetate
1141 2082 1277 2119 primula

908 2126 1025 2158 Locum
1049 2126 1221 2159 habitaculi

953 2173 1060 2213 Elegit
1082 2173 1116 2205 in
1141 2174 1263 2209 cellula.

851 2230 883 2262 4.
908 2229 1067 2261 Virtutum
1090 2229 1212 2262 Evurtii

954 2276 1073 2309 Audito
1096 2285 1222 2309 rumore

1242 2330 1261 2359 3
1269 2329 1284 2345 *
