<?xml version="1.0" encoding="UTF-8"?>
<!DOCTYPE html PUBLIC "-//W3C//DTD XHTML 1.0 Transitional//EN"
    "http://www.w3.org/TR/xhtml1/DTD/xhtml1-transitional.dtd">
<html xmlns="http://www.w3.org/1999/xhtml" xml:lang="en" lang="en">
 <head>
  <title>
</title>
<meta http-equiv="Content-Type" content="text/html;charset=utf-8" />
  <meta name='ocr-system' content='tesseract 3.04.00' />
  <meta name='ocr-capabilities' content='ocr_page ocr_carea ocr_par ocr_line ocrx_word'/>
</head>
<body>
  <div class='ocr_page' id='page_1' title='image "./analectahymnica13drevuoft_00122.png"; bbox 0 0 1679 2491; ppageno 0'>
   <div class='ocr_carea' id='block_1_1' title="bbox 729 87 982 123">
    <p class='ocr_par' dir='ltr' id='par_1_1' title="bbox 729 87 982 123">
     <span class='ocr_line' id='line_1_1' title="bbox 729 87 982 123; baseline -0.012 1"><span class='ocrx_word' id='word_1_1' title='bbox 729 87 982 123; x_wconf 46' lang='lat' dir='ltr'>*lle-</span> 
     </span>
    </p>
   </div>
   <div class='ocr_carea' id='block_1_2' title="bbox 218 181 693 462">
    <p class='ocr_par' dir='ltr' id='par_1_2' title="bbox 218 181 693 462">
     <span class='ocr_line' id='line_1_2' title="bbox 352 181 693 220; baseline 0 -8"><span class='ocrx_word' id='word_1_2' title='bbox 352 181 396 212; x_wconf 87' lang='lat' dir='ltr'>In</span> <span class='ocrx_word' id='word_1_3' title='bbox 423 182 453 212; x_wconf 86' lang='lat'>2.</span> <span class='ocrx_word' id='word_1_4' title='bbox 480 181 586 220; x_wconf 89' lang='lat' dir='ltr'>Vesp</span> <span class='ocrx_word' id='word_1_5' title='bbox 600 182 693 213; x_wconf 85' lang='lat' dir='ltr'>eris.</span> 
     </span>
     <span class='ocr_line' id='line_1_3' title="bbox 402 235 642 271; baseline 0 -8"><span class='ocrx_word' id='word_1_6' title='bbox 402 235 447 263; x_wconf 76' lang='lat' dir='ltr'>Ad</span> <span class='ocrx_word' id='word_1_7' title='bbox 465 235 642 271; x_wconf 78' lang='lat' dir='ltr'>Magnificat.</span> 
     </span>
     <span class='ocr_line' id='line_1_4' title="bbox 218 282 525 315; baseline 0.003 -2"><span class='ocrx_word' id='word_1_8' title='bbox 218 282 257 313; x_wconf 92' lang='lat' dir='ltr'>A.</span> <span class='ocrx_word' id='word_1_9' title='bbox 283 282 359 315; x_wconf 85' lang='lat' dir='ltr'>Flos</span> <span class='ocrx_word' id='word_1_10' title='bbox 382 283 416 314; x_wconf 88' lang='lat' dir='ltr'>in</span> <span class='ocrx_word' id='word_1_11' title='bbox 439 285 525 314; x_wconf 85' lang='lat' dir='ltr'>terra</span> 
     </span>
     <span class='ocr_line' id='line_1_5' title="bbox 331 326 633 369; baseline 0 -9"><span class='ocrx_word' id='word_1_12' title='bbox 331 326 431 360; x_wconf 75' lang='lat' dir='ltr'>crevit</span> <span class='ocrx_word' id='word_1_13' title='bbox 453 329 633 369; x_wconf 80' lang='lat' dir='ltr'>viventium,</span> 
     </span>
     <span class='ocr_line' id='line_1_6' title="bbox 285 375 551 414; baseline -0.004 -7"><span class='ocrx_word' id='word_1_14' title='bbox 285 376 323 407; x_wconf 87' lang='lat' dir='ltr'>In</span> <span class='ocrx_word' id='word_1_15' title='bbox 347 384 406 414; x_wconf 86' lang='lat' dir='ltr'>quo</span> <span class='ocrx_word' id='word_1_16' title='bbox 431 375 551 407; x_wconf 82' lang='lat' dir='ltr'>Rachel</span> 
     </span>
     <span class='ocr_line' id='line_1_7' title="bbox 330 421 639 462; baseline 0 -10"><span class='ocrx_word' id='word_1_17' title='bbox 330 421 464 461; x_wconf 86' lang='lat' dir='ltr'>sumpsit</span> <span class='ocrx_word' id='word_1_18' title='bbox 486 421 639 462; x_wconf 73' lang='lat' dir='ltr'>solatium,</span> 
     </span>
    </p>
   </div>
   <div class='ocr_carea' id='block_1_3' title="bbox 951 180 1151 215">
    <p class='ocr_par' dir='ltr' id='par_1_3' title="bbox 951 180 1151 215">
     <span class='ocr_line' id='line_1_8' title="bbox 951 180 1151 215; baseline -0.015 0"><span class='ocrx_word' id='word_1_19' title='bbox 951 182 1004 215; x_wconf 89' lang='lat' dir='ltr'>Sol</span> <span class='ocrx_word' id='word_1_20' title='bbox 1028 180 1151 213; x_wconf 77' lang='lat' dir='ltr'><strong>refulsit</strong></span> 
     </span>
    </p>
   </div>
   <div class='ocr_carea' id='block_1_4' title="bbox 952 228 1377 359">
    <p class='ocr_par' dir='ltr' id='par_1_4' title="bbox 952 228 1377 359">
     <span class='ocr_line' id='line_1_9' title="bbox 995 228 1377 268; baseline -0.005 -8"><span class='ocrx_word' id='word_1_21' title='bbox 995 232 1068 267; x_wconf 84' lang='lat' dir='ltr'>post</span> <span class='ocrx_word' id='word_1_22' title='bbox 1088 228 1218 259; x_wconf 76' lang='lat' dir='ltr'>umbrae</span> <span class='ocrx_word' id='word_1_23' title='bbox 1239 228 1377 268; x_wconf 83' lang='lat' dir='ltr'>nubium,</span> 
     </span>
     <span class='ocr_line' id='line_1_10' title="bbox 952 274 1218 307; baseline -0.004 -1"><span class='ocrx_word' id='word_1_24' title='bbox 952 274 1110 307; x_wconf 88' lang='lat' dir='ltr'>Scandens</span> <span class='ocrx_word' id='word_1_25' title='bbox 1135 275 1218 305; x_wconf 87' lang='lat' dir='ltr'>vitae</span> 
     </span>
     <span class='ocr_line' id='line_1_11' title="bbox 997 321 1309 359; baseline -0.003 -8"><span class='ocrx_word' id='word_1_26' title='bbox 997 321 1139 359; x_wconf 74' lang='lat' dir='ltr'>percepit</span> <span class='ocrx_word' id='word_1_27' title='bbox 1160 321 1309 352; x_wconf 85' lang='lat' dir='ltr'>bravium.</span> 
     </span>
    </p>
   </div>
   <div class='ocr_carea' id='block_1_5' title="bbox 219 482 1494 631">
    <p class='ocr_par' dir='ltr' id='par_1_5' title="bbox 219 482 1494 631">
     <span class='ocr_line' id='line_1_12' title="bbox 293 482 1492 513; baseline -0.002 0"><span class='ocrx_word' id='word_1_28' title='bbox 293 486 377 513; x_wconf 78' lang='lat' dir='ltr'>BreV.</span> <span class='ocrx_word' id='word_1_29' title='bbox 401 493 453 512; x_wconf 89' lang='lat' dir='ltr'>ms.</span> <span class='ocrx_word' id='word_1_30' title='bbox 473 485 704 513; x_wconf 69' lang='lat' dir='ltr'>Sar-isberiense‘?</span> <span class='ocrx_word' id='word_1_31' title='bbox 729 492 802 513; x_wconf 85' lang='lat' dir='ltr'>saec.</span> <span class='ocrx_word' id='word_1_32' title='bbox 822 484 895 513; x_wconf 54' lang='grc' dir='ltr'>Μήτι.</span> <span class='ocrx_word' id='word_1_33' title='bbox 929 485 996 513; x_wconf 82' lang='lat' dir='ltr'>God.</span> <span class='ocrx_word' id='word_1_34' title='bbox 1015 484 1175 512; x_wconf 83' lang='lat' dir='ltr'>Londinen.</span> <span class='ocrx_word' id='word_1_35' title='bbox 1195 485 1235 512; x_wconf 82' lang='lat' dir='ltr'>Sl.</span> <span class='ocrx_word' id='word_1_36' title='bbox 1259 482 1337 512; x_wconf 82' lang='lat'>1909.</span> <span class='ocrx_word' id='word_1_37' title='bbox 1357 499 1394 503; x_wconf 97' lang='lat'><strong>—</strong></span> <span class='ocrx_word' id='word_1_38' title='bbox 1412 484 1447 511; x_wconf 90' lang='lat' dir='ltr'>In</span> <span class='ocrx_word' id='word_1_39' title='bbox 1469 483 1492 511; x_wconf 90' lang='lat'>1.</span> 
     </span>
     <span class='ocr_line' id='line_1_13' title="bbox 219 519 1493 557; baseline 0.001 -9"><span class='ocrx_word' id='word_1_40' title='bbox 219 522 300 549; x_wconf 86' lang='lat' dir='ltr'>Noct.</span> <span class='ocrx_word' id='word_1_41' title='bbox 323 519 342 547; x_wconf 84' lang='lat' dir='ltr'>R</span> <span class='ocrx_word' id='word_1_42' title='bbox 369 520 399 556; x_wconf 89' lang='lat'>3,</span> <span class='ocrx_word' id='word_1_43' title='bbox 425 520 445 548; x_wconf 86' lang='lat'>4</span> <span class='ocrx_word' id='word_1_44' title='bbox 470 530 574 557; x_wconf 82' lang='lat' dir='ltr'>aspera</span> <span class='ocrx_word' id='word_1_45' title='bbox 597 523 686 549; x_wconf 84' lang='lat' dir='ltr'>vestis</span> <span class='ocrx_word' id='word_1_46' title='bbox 707 523 759 549; x_wconf 90' lang='lat' dir='ltr'>Hs.</span> <span class='ocrx_word' id='word_1_47' title='bbox 780 536 816 540; x_wconf 89' lang='lat'>—</span> <span class='ocrx_word' id='word_1_48' title='bbox 834 523 870 549; x_wconf 85' lang='lat' dir='ltr'>In</span> <span class='ocrx_word' id='word_1_49' title='bbox 896 520 922 548; x_wconf 84' lang='lat'>2.</span> <span class='ocrx_word' id='word_1_50' title='bbox 941 523 1024 550; x_wconf 80' lang='lat' dir='ltr'>Noct.</span> <span class='ocrx_word' id='word_1_51' title='bbox 1045 520 1065 548; x_wconf 79' lang='lat' dir='ltr'>R</span> <span class='ocrx_word' id='word_1_52' title='bbox 1093 520 1120 555; x_wconf 88' lang='lat'>1,</span> <span class='ocrx_word' id='word_1_53' title='bbox 1149 520 1166 548; x_wconf 83' lang='lat'><strong>2</strong></span> <span class='ocrx_word' id='word_1_54' title='bbox 1185 522 1317 549; x_wconf 79' lang='lat' dir='ltr'>Jonadab</span> <span class='ocrx_word' id='word_1_55' title='bbox 1338 522 1493 549; x_wconf 80' lang='lat' dir='ltr'>rathamita</span> 
     </span>
     <span class='ocr_line' id='line_1_14' title="bbox 220 556 1494 594; baseline -0.001 -8"><span class='ocrx_word' id='word_1_56' title='bbox 220 559 274 586; x_wconf 84' lang='lat' dir='ltr'>Hs.</span> <span class='ocrx_word' id='word_1_57' title='bbox 293 572 328 579; x_wconf 80' lang='lat'>-·</span> <span class='ocrx_word' id='word_1_58' title='bbox 350 556 370 584; x_wconf 78' lang='lat' dir='ltr'>R</span> <span class='ocrx_word' id='word_1_59' title='bbox 399 558 430 592; x_wconf 79' lang='lat'>1,</span> <span class='ocrx_word' id='word_1_60' title='bbox 454 556 472 586; x_wconf 82' lang='lat'><strong>3</strong></span> <span class='ocrx_word' id='word_1_61' title='bbox 497 567 611 586; x_wconf 84' lang='lat' dir='ltr'>censum</span> <span class='ocrx_word' id='word_1_62' title='bbox 629 559 683 586; x_wconf 82' lang='lat' dir='ltr'>Hs.</span> <span class='ocrx_word' id='word_1_63' title='bbox 703 574 739 578; x_wconf 85' lang='lat'>—-</span> <span class='ocrx_word' id='word_1_64' title='bbox 757 559 794 585; x_wconf 80' lang='lat' dir='ltr'>In</span> <span class='ocrx_word' id='word_1_65' title='bbox 810 559 903 586; x_wconf 75' lang='lat' dir='ltr'>Laud.</span> <span class='ocrx_word' id='word_1_66' title='bbox 923 558 945 585; x_wconf 91' lang='grc' dir='ltr'>Α</span> <span class='ocrx_word' id='word_1_67' title='bbox 970 556 1002 591; x_wconf 82' lang='grc'>2,</span> <span class='ocrx_word' id='word_1_68' title='bbox 1028 557 1046 586; x_wconf 84' lang='lat'><strong>3</strong></span> <span class='ocrx_word' id='word_1_69' title='bbox 1065 559 1160 586; x_wconf 87' lang='lat' dir='ltr'>rutilis</span> <span class='ocrx_word' id='word_1_70' title='bbox 1178 558 1232 586; x_wconf 82' lang='lat' dir='ltr'>Hs.</span> <span class='ocrx_word' id='word_1_71' title='bbox 1251 574 1288 578; x_wconf 91' lang='lat'>—</span> <span class='ocrx_word' id='word_1_72' title='bbox 1305 559 1342 585; x_wconf 81' lang='lat' dir='ltr'>In</span> <span class='ocrx_word' id='word_1_73' title='bbox 1360 557 1386 585; x_wconf 81' lang='lat'>2.</span> <span class='ocrx_word' id='word_1_74' title='bbox 1405 558 1494 594; x_wconf 77' lang='lat' dir='ltr'>Vesp.</span> 
     </span>
     <span class='ocr_line' id='line_1_15' title="bbox 222 593 1073 631; baseline 0 -9"><span class='ocrx_word' id='word_1_75' title='bbox 222 595 257 622; x_wconf 76' lang='lat' dir='ltr'>ad</span> <span class='ocrx_word' id='word_1_76' title='bbox 275 597 373 630; x_wconf 82' lang='lat' dir='ltr'>Magn.</span> <span class='ocrx_word' id='word_1_77' title='bbox 394 595 425 630; x_wconf 87' lang='grc' dir='ltr'>Α,</span> <span class='ocrx_word' id='word_1_78' title='bbox 446 593 463 623; x_wconf 88' lang='lat'>3</span> <span class='ocrx_word' id='word_1_79' title='bbox 481 596 590 623; x_wconf 81' lang='lat' dir='ltr'>Rachel</span> <span class='ocrx_word' id='word_1_80' title='bbox 608 596 724 631; x_wconf 81' lang='lat' dir='ltr'>plorans</span> <span class='ocrx_word' id='word_1_81' title='bbox 744 603 836 631; x_wconf 82' lang='lat' dir='ltr'>gegen</span> <span class='ocrx_word' id='word_1_82' title='bbox 855 596 910 622; x_wconf 84' lang='lat' dir='ltr'>den</span> <span class='ocrx_word' id='word_1_83' title='bbox 928 597 1000 623; x_wconf 87' lang='lat' dir='ltr'>Vers</span> <span class='ocrx_word' id='word_1_84' title='bbox 1021 596 1073 623; x_wconf 86' lang='lat' dir='ltr'>Hs.</span> 
     </span>
    </p>
   </div>
   <div class='ocr_carea' id='block_1_6' title="bbox 657 684 1063 715">
    <p class='ocr_par' dir='ltr' id='par_1_6' title="bbox 657 684 1063 715">
     <span class='ocr_line' id='line_1_16' title="bbox 657 684 1063 715; baseline 0.002 -1"><span class='ocrx_word' id='word_1_85' title='bbox 657 684 706 714; x_wconf 82' lang='lat'>44.</span> <span class='ocrx_word' id='word_1_86' title='bbox 744 684 786 715; x_wconf 88' lang='lat' dir='ltr'>De</span> <span class='ocrx_word' id='word_1_87' title='bbox 804 684 908 715; x_wconf 81' lang='lat' dir='ltr'>saneto</span> <span class='ocrx_word' id='word_1_88' title='bbox 926 684 1063 715; x_wconf 82' lang='lat' dir='ltr'>Eleario.</span> 
     </span>
    </p>
   </div>
   <div class='ocr_carea' id='block_1_7' title="bbox 358 750 760 856">
    <p class='ocr_par' dir='ltr' id='par_1_7' title="bbox 358 750 760 856">
     <span class='ocr_line' id='line_1_17' title="bbox 358 750 760 791; baseline 0 -8"><span class='ocrx_word' id='word_1_89' title='bbox 358 753 404 783; x_wconf 87' lang='lat' dir='ltr'>In</span> <span class='ocrx_word' id='word_1_90' title='bbox 431 754 459 786; x_wconf 91' lang='lat'>1.</span> <span class='ocrx_word' id='word_1_91' title='bbox 486 753 696 791; x_wconf 80' lang='lat' dir='ltr'>vesperis.</span> <span class='ocrx_word' id='word_1_92' title='bbox 751 750 760 762; x_wconf 77' lang='lat'><em>*</em></span> 
     </span>
     <span class='ocr_line' id='line_1_18' title="bbox 432 820 622 856; baseline 0.005 -10"><span class='ocrx_word' id='word_1_93' title='bbox 432 820 622 856; x_wconf 82' lang='lat' dir='ltr'>Antiphonae.</span> 
     </span>
    </p>
   </div>
   <div class='ocr_carea' id='block_1_8' title="bbox 229 876 777 1145">
    <p class='ocr_par' dir='ltr' id='par_1_8' title="bbox 229 876 724 1053">
     <span class='ocr_line' id='line_1_19' title="bbox 229 876 724 916; baseline -0.006 -6"><span class='ocrx_word' id='word_1_94' title='bbox 229 877 260 910; x_wconf 85' lang='lat'>1.</span> <span class='ocrx_word' id='word_1_95' title='bbox 287 877 316 908; x_wconf 75' lang='lat' dir='ltr'>A</span> <span class='ocrx_word' id='word_1_96' title='bbox 342 877 461 908; x_wconf 75' lang='lat' dir='ltr'>dextris</span> <span class='ocrx_word' id='word_1_97' title='bbox 484 877 575 908; x_wconf 82' lang='lat' dir='ltr'>sedet</span> <span class='ocrx_word' id='word_1_98' title='bbox 596 876 724 916; x_wconf 79' lang='lat' dir='ltr'>gloriae,</span> 
     </span>
     <span class='ocr_line' id='line_1_20' title="bbox 287 922 717 960; baseline -0.002 -6"><span class='ocrx_word' id='word_1_99' title='bbox 287 923 369 954; x_wconf 85' lang='lat' dir='ltr'>Nam</span> <span class='ocrx_word' id='word_1_100' title='bbox 393 932 412 954; x_wconf 84' lang='lat' dir='ltr'>a</span> <span class='ocrx_word' id='word_1_101' title='bbox 437 922 555 953; x_wconf 83' lang='lat' dir='ltr'>dextris</span> <span class='ocrx_word' id='word_1_102' title='bbox 576 922 717 960; x_wconf 85' lang='lat' dir='ltr'>justitiae</span> 
     </span>
     <span class='ocr_line' id='line_1_21' title="bbox 334 968 662 1005; baseline 0 -6"><span class='ocrx_word' id='word_1_103' title='bbox 334 968 423 1001; x_wconf 84' lang='lat' dir='ltr'>Sedit</span> <span class='ocrx_word' id='word_1_104' title='bbox 446 969 512 1000; x_wconf 84' lang='lat' dir='ltr'>vita</span> <span class='ocrx_word' id='word_1_105' title='bbox 529 968 662 1005; x_wconf 71' lang='lat' dir='ltr'>mortali,</span> 
     </span>
     <span class='ocr_line' id='line_1_22' title="bbox 288 1014 723 1053; baseline 0 -9"><span class='ocrx_word' id='word_1_106' title='bbox 288 1014 415 1053; x_wconf 84' lang='lat' dir='ltr'>Virgam</span> <span class='ocrx_word' id='word_1_107' title='bbox 438 1014 563 1045; x_wconf 84' lang='lat' dir='ltr'>virtutis</span> <span class='ocrx_word' id='word_1_108' title='bbox 587 1014 723 1053; x_wconf 82' lang='lat' dir='ltr'>explicat</span> 
     </span>
    </p>

    <p class='ocr_par' dir='ltr' id='par_1_9' title="bbox 287 1060 777 1145">
     <span class='ocr_line' id='line_1_23' title="bbox 287 1060 638 1099; baseline -0.003 -7"><span class='ocrx_word' id='word_1_109' title='bbox 287 1061 330 1093; x_wconf 88' lang='lat' dir='ltr'>Et</span> <span class='ocrx_word' id='word_1_110' title='bbox 353 1061 494 1092; x_wconf 86' lang='lat' dir='ltr'>nationes</span> <span class='ocrx_word' id='word_1_111' title='bbox 515 1060 638 1099; x_wconf 83' lang='lat' dir='ltr'>judicat</span> 
     </span>
     <span class='ocr_line' id='line_1_24' title="bbox 338 1104 777 1145; baseline 0 -8"><span class='ocrx_word' id='word_1_112' title='bbox 338 1106 551 1145; x_wconf 83' lang='lat' dir='ltr'>Conquassans</span> <span class='ocrx_word' id='word_1_113' title='bbox 577 1109 670 1145; x_wconf 84' lang='lat' dir='ltr'>caput</span> <span class='ocrx_word' id='word_1_114' title='bbox 693 1104 777 1137; x_wconf 87' lang='lat' dir='ltr'>mali.</span> 
     </span>
    </p>
   </div>
   <div class='ocr_carea' id='block_1_9' title="bbox 232 1175 744 1436">
    <p class='ocr_par' dir='ltr' id='par_1_10' title="bbox 232 1175 744 1436">
     <span class='ocr_line' id='line_1_25' title="bbox 232 1175 656 1207; baseline -0.002 0"><span class='ocrx_word' id='word_1_115' title='bbox 232 1177 262 1207; x_wconf 87' lang='lat'>2.</span> <span class='ocrx_word' id='word_1_116' title='bbox 289 1175 445 1206; x_wconf 85' lang='lat' dir='ltr'>Justorum</span> <span class='ocrx_word' id='word_1_117' title='bbox 471 1175 504 1205; x_wconf 88' lang='lat' dir='ltr'>in</span> <span class='ocrx_word' id='word_1_118' title='bbox 529 1175 656 1206; x_wconf 85' lang='lat' dir='ltr'>consilio</span> 
     </span>
     <span class='ocr_line' id='line_1_26' title="bbox 289 1220 667 1259; baseline -0.003 -8"><span class='ocrx_word' id='word_1_119' title='bbox 289 1221 443 1259; x_wconf 88' lang='lat' dir='ltr'>Dulcique</span> <span class='ocrx_word' id='word_1_120' title='bbox 467 1220 667 1251; x_wconf 86' lang='lat' dir='ltr'>contubernio</span> 
     </span>
     <span class='ocr_line' id='line_1_27' title="bbox 335 1265 639 1306; baseline 0 -9"><span class='ocrx_word' id='word_1_121' title='bbox 335 1266 379 1297; x_wconf 87' lang='lat' dir='ltr'>Et</span> <span class='ocrx_word' id='word_1_122' title='bbox 402 1265 639 1306; x_wconf 81' lang='lat' dir='ltr'>congregatione</span> 
     </span>
     <span class='ocr_line' id='line_1_28' title="bbox 286 1311 660 1350; baseline -0.005 -6"><span class='ocrx_word' id='word_1_123' title='bbox 286 1312 443 1344; x_wconf 75' lang='lat' dir='ltr'>Mandata</span> <span class='ocrx_word' id='word_1_124' title='bbox 467 1312 522 1343; x_wconf 89' lang='lat' dir='ltr'>dat</span> <span class='ocrx_word' id='word_1_125' title='bbox 543 1311 660 1350; x_wconf 83' lang='lat' dir='ltr'>fidelia,</span> 
     </span>
     <span class='ocr_line' id='line_1_29' title="bbox 288 1358 618 1390; baseline -0.006 0"><span class='ocrx_word' id='word_1_126' title='bbox 288 1359 370 1390; x_wconf 90' lang='lat' dir='ltr'>Dum</span> <span class='ocrx_word' id='word_1_127' title='bbox 395 1358 504 1390; x_wconf 88' lang='lat' dir='ltr'>salutis</span> <span class='ocrx_word' id='word_1_128' title='bbox 528 1358 618 1389; x_wconf 83' lang='lat' dir='ltr'>utilia</span> 
     </span>
     <span class='ocr_line' id='line_1_30' title="bbox 334 1404 744 1436; baseline 0 -1"><span class='ocrx_word' id='word_1_129' title='bbox 334 1404 430 1435; x_wconf 86' lang='lat' dir='ltr'>Jubet</span> <span class='ocrx_word' id='word_1_130' title='bbox 455 1404 570 1436; x_wconf 82' lang='lat' dir='ltr'>Christi</span> <span class='ocrx_word' id='word_1_131' title='bbox 594 1412 744 1436; x_wconf 85' lang='lat' dir='ltr'>sermone.</span> 
     </span>
    </p>
   </div>
   <div class='ocr_carea' id='block_1_10' title="bbox 231 1468 794 1730">
    <p class='ocr_par' dir='ltr' id='par_1_11' title="bbox 231 1468 794 1730">
     <span class='ocr_line' id='line_1_31' title="bbox 231 1468 794 1507; baseline -0.004 -7"><span class='ocrx_word' id='word_1_132' title='bbox 231 1470 261 1501; x_wconf 85' lang='lat'>3.</span> <span class='ocrx_word' id='word_1_133' title='bbox 287 1468 480 1507; x_wconf 85' lang='lat' dir='ltr'>Dispergens</span> <span class='ocrx_word' id='word_1_134' title='bbox 506 1468 582 1499; x_wconf 86' lang='lat' dir='ltr'>dans</span> <span class='ocrx_word' id='word_1_135' title='bbox 605 1468 794 1506; x_wconf 85' lang='lat' dir='ltr'>pauperibus</span> 
     </span>
     <span class='ocr_line' id='line_1_32' title="bbox 286 1513 611 1546; baseline -0.006 0"><span class='ocrx_word' id='word_1_136' title='bbox 286 1514 417 1546; x_wconf 86' lang='lat' dir='ltr'>Pietatis</span> <span class='ocrx_word' id='word_1_137' title='bbox 442 1513 611 1544; x_wconf 76' lang='lat' dir='ltr'>visceribus</span> 
     </span>
     <span class='ocr_line' id='line_1_33' title="bbox 334 1559 738 1600; baseline -0.005 -8"><span class='ocrx_word' id='word_1_138' title='bbox 334 1559 541 1592; x_wconf 83' lang='lat' dir='ltr'>Commodans</span> <span class='ocrx_word' id='word_1_139' title='bbox 564 1560 738 1600; x_wconf 82' lang='lat' dir='ltr'>miseretur,</span> 
     </span>
     <span class='ocr_line' id='line_1_34' title="bbox 284 1606 669 1646; baseline 0 -8"><span class='ocrx_word' id='word_1_140' title='bbox 284 1607 461 1645; x_wconf 87' lang='lat' dir='ltr'>Disponens</span> <span class='ocrx_word' id='word_1_141' title='bbox 486 1615 519 1637; x_wconf 94' lang='lat' dir='ltr'>se</span> <span class='ocrx_word' id='word_1_142' title='bbox 540 1606 669 1646; x_wconf 83' lang='lat' dir='ltr'>judicio,</span> 
     </span>
     <span class='ocr_line' id='line_1_35' title="bbox 287 1653 656 1691; baseline 0 -7"><span class='ocrx_word' id='word_1_143' title='bbox 287 1653 363 1685; x_wconf 86' lang='lat' dir='ltr'>Cum</span> <span class='ocrx_word' id='word_1_144' title='bbox 388 1654 475 1683; x_wconf 83' lang='lat' dir='ltr'>recta</span> <span class='ocrx_word' id='word_1_145' title='bbox 498 1653 656 1691; x_wconf 87' lang='lat' dir='ltr'>generatio</span> 
     </span>
     <span class='ocr_line' id='line_1_36' title="bbox 333 1698 684 1730; baseline 0.003 -1"><span class='ocrx_word' id='word_1_146' title='bbox 333 1698 449 1730; x_wconf 87' lang='lat' dir='ltr'>Christi</span> <span class='ocrx_word' id='word_1_147' title='bbox 473 1698 684 1730; x_wconf 84' lang='lat' dir='ltr'>benedicetur.</span> 
     </span>
    </p>
   </div>
   <div class='ocr_carea' id='block_1_11' title="bbox 226 1762 770 2033">
    <p class='ocr_par' dir='ltr' id='par_1_12' title="bbox 226 1762 770 2033">
     <span class='ocr_line' id='line_1_37' title="bbox 226 1762 603 1795; baseline -0.005 0"><span class='ocrx_word' id='word_1_148' title='bbox 226 1764 258 1795; x_wconf 87' lang='lat'>4.</span> <span class='ocrx_word' id='word_1_149' title='bbox 286 1763 445 1794; x_wconf 86' lang='lat' dir='ltr'>Elearium</span> <span class='ocrx_word' id='word_1_150' title='bbox 468 1762 603 1794; x_wconf 89' lang='lat' dir='ltr'>nobilem</span> 
     </span>
     <span class='ocr_line' id='line_1_38' title="bbox 283 1808 715 1847; baseline -0.002 -7"><span class='ocrx_word' id='word_1_151' title='bbox 283 1809 437 1847; x_wconf 73' lang='lat' dir='ltr'>Respexit</span> <span class='ocrx_word' id='word_1_152' title='bbox 459 1808 544 1839; x_wconf 90' lang='lat' dir='ltr'>Deus</span> <span class='ocrx_word' id='word_1_153' title='bbox 569 1808 715 1840; x_wconf 88' lang='lat' dir='ltr'>humilem</span> 
     </span>
     <span class='ocr_line' id='line_1_39' title="bbox 331 1854 748 1893; baseline -0.002 -7"><span class='ocrx_word' id='word_1_154' title='bbox 331 1854 369 1886; x_wconf 85' lang='lat' dir='ltr'>In</span> <span class='ocrx_word' id='word_1_155' title='bbox 392 1858 480 1885; x_wconf 79' lang='lat' dir='ltr'>terra</span> <span class='ocrx_word' id='word_1_156' title='bbox 504 1857 748 1893; x_wconf 76' lang='lat' dir='ltr'>conversantem,</span> 
     </span>
     <span class='ocr_line' id='line_1_40' title="bbox 286 1900 770 1940; baseline -0.004 -8"><span class='ocrx_word' id='word_1_157' title='bbox 286 1900 448 1933; x_wconf 83' lang='lat' dir='ltr'>Collocans</span> <span class='ocrx_word' id='word_1_158' title='bbox 475 1908 543 1931; x_wconf 86' lang='lat' dir='ltr'>cum</span> <span class='ocrx_word' id='word_1_159' title='bbox 566 1900 770 1940; x_wconf 86' lang='lat' dir='ltr'>principibus,</span> 
     </span>
     <span class='ocr_line' id='line_1_41' title="bbox 285 1946 749 1986; baseline -0.006 -6"><span class='ocrx_word' id='word_1_160' title='bbox 285 1947 393 1980; x_wconf 86' lang='lat' dir='ltr'>Choris</span> <span class='ocrx_word' id='word_1_161' title='bbox 419 1955 540 1986; x_wconf 87' lang='lat' dir='ltr'>quoque</span> <span class='ocrx_word' id='word_1_162' title='bbox 565 1946 749 1977; x_wconf 78' lang='lat' dir='ltr'>coelestibus</span> 
     </span>
     <span class='ocr_line' id='line_1_42' title="bbox 331 1993 693 2033; baseline 0 -8"><span class='ocrx_word' id='word_1_163' title='bbox 331 1994 369 2026; x_wconf 85' lang='lat' dir='ltr'>In</span> <span class='ocrx_word' id='word_1_164' title='bbox 394 1993 493 2033; x_wconf 88' lang='lat' dir='ltr'>gloria</span> <span class='ocrx_word' id='word_1_165' title='bbox 517 1993 693 2025; x_wconf 87' lang='lat' dir='ltr'>laetantem.</span> 
     </span>
    </p>
   </div>
   <div class='ocr_carea' id='block_1_12' title="bbox 225 2055 765 2331">
    <p class='ocr_par' dir='ltr' id='par_1_13' title="bbox 225 2055 765 2331">
     <span class='ocr_line' id='line_1_43' title="bbox 225 2055 755 2098; baseline -0.008 -6"><span class='ocrx_word' id='word_1_166' title='bbox 225 2060 256 2092; x_wconf 85' lang='lat'>5.</span> <span class='ocrx_word' id='word_1_167' title='bbox 282 2055 427 2092; x_wconf 80' lang='lat' dir='ltr'>Laudent</span> <span class='ocrx_word' id='word_1_168' title='bbox 451 2061 557 2098; x_wconf 84' lang='lat' dir='ltr'>gentes</span> <span class='ocrx_word' id='word_1_169' title='bbox 583 2060 614 2088; x_wconf 90' lang='lat' dir='ltr'>et</span> <span class='ocrx_word' id='word_1_170' title='bbox 636 2057 755 2097; x_wconf 84' lang='lat' dir='ltr'>populi,</span> 
     </span>
     <span class='ocr_line' id='line_1_44' title="bbox 281 2103 696 2144; baseline -0.007 -7"><span class='ocrx_word' id='word_1_171' title='bbox 281 2106 424 2138; x_wconf 88' lang='lat' dir='ltr'>Illustres</span> <span class='ocrx_word' id='word_1_172' title='bbox 448 2105 546 2144; x_wconf 86' lang='lat' dir='ltr'>magis</span> <span class='ocrx_word' id='word_1_173' title='bbox 570 2103 696 2143; x_wconf 86' lang='lat' dir='ltr'>saeculi,</span> 
     </span>
     <span class='ocr_line' id='line_1_45' title="bbox 328 2152 765 2190; baseline -0.005 -7"><span class='ocrx_word' id='word_1_174' title='bbox 328 2152 387 2190; x_wconf 74' lang='lat' dir='ltr'>Qui</span> <span class='ocrx_word' id='word_1_175' title='bbox 411 2154 516 2182; x_wconf 89' lang='lat' dir='ltr'>manet</span> <span class='ocrx_word' id='word_1_176' title='bbox 539 2152 572 2182; x_wconf 92' lang='lat' dir='ltr'>in</span> <span class='ocrx_word' id='word_1_177' title='bbox 594 2153 765 2190; x_wconf 84' lang='lat' dir='ltr'>aeternum,</span> 
     </span>
     <span class='ocr_line' id='line_1_46' title="bbox 284 2197 764 2238; baseline -0.006 -8"><span class='ocrx_word' id='word_1_178' title='bbox 284 2198 408 2231; x_wconf 73' lang='lat' dir='ltr'>Clarum</span> <span class='ocrx_word' id='word_1_179' title='bbox 432 2199 596 2238; x_wconf 86' lang='lat' dir='ltr'>sequentes</span> <span class='ocrx_word' id='word_1_180' title='bbox 622 2197 764 2229; x_wconf 88' lang='lat' dir='ltr'>comitem</span> 
     </span>
     <span class='ocr_line' id='line_1_47' title="bbox 283 2245 725 2277; baseline -0.007 0"><span class='ocrx_word' id='word_1_181' title='bbox 283 2246 344 2277; x_wconf 83' lang='lat' dir='ltr'>Per</span> <span class='ocrx_word' id='word_1_182' title='bbox 367 2245 543 2277; x_wconf 84' lang='lat' dir='ltr'>sanctitatis</span> <span class='ocrx_word' id='word_1_183' title='bbox 567 2245 725 2276; x_wconf 85' lang='lat' dir='ltr'>tramitem</span> 
     </span>
     <span class='ocr_line' id='line_1_48' title="bbox 328 2292 748 2331; baseline -0.005 -7"><span class='ocrx_word' id='word_1_184' title='bbox 328 2292 381 2324; x_wconf 75' lang='lat' dir='ltr'>Ad</span> <span class='ocrx_word' id='word_1_185' title='bbox 404 2292 547 2324; x_wconf 82' lang='lat' dir='ltr'>bravium</span> <span class='ocrx_word' id='word_1_186' title='bbox 570 2300 748 2331; x_wconf 80' lang='lat' dir='ltr'>supernum.</span> 
     </span>
    </p>
   </div>
   <div class='ocr_carea' id='block_1_13' title="bbox 1073 749 1311 785">
    <p class='ocr_par' dir='ltr' id='par_1_14' title="bbox 1073 749 1311 785">
     <span class='ocr_line' id='line_1_49' title="bbox 1073 749 1311 785; baseline -0.004 -9"><span class='ocrx_word' id='word_1_187' title='bbox 1073 750 1117 776; x_wconf 81' lang='lat' dir='ltr'>Ad</span> <span class='ocrx_word' id='word_1_188' title='bbox 1135 749 1311 785; x_wconf 80' lang='lat' dir='ltr'>Magnificat.</span> 
     </span>
    </p>
   </div>
   <div class='ocr_carea' id='block_1_14' title="bbox 888 797 1395 836">
    <p class='ocr_par' dir='ltr' id='par_1_15' title="bbox 888 797 1395 836">
     <span class='ocr_line' id='line_1_50' title="bbox 888 797 1395 836; baseline -0.002 -7"><span class='ocrx_word' id='word_1_189' title='bbox 888 798 928 829; x_wconf 94' lang='lat' dir='ltr'>A.</span> <span class='ocrx_word' id='word_1_190' title='bbox 953 798 1061 829; x_wconf 90' lang='lat' dir='ltr'>Proles</span> <span class='ocrx_word' id='word_1_191' title='bbox 1088 797 1181 836; x_wconf 85' lang='lat' dir='ltr'>digna</span> <span class='ocrx_word' id='word_1_192' title='bbox 1204 797 1395 836; x_wconf 83' lang='lat' dir='ltr'>Provinciae,</span> 
     </span>
    </p>
   </div>
   <div class='ocr_carea' id='block_1_15' title="bbox 953 842 1482 1242">
    <p class='ocr_par' dir='ltr' id='par_1_16' title="bbox 953 842 1480 973">
     <span class='ocr_line' id='line_1_51' title="bbox 1002 842 1456 882; baseline -0.002 -8"><span class='ocrx_word' id='word_1_193' title='bbox 1002 842 1103 882; x_wconf 71' lang='lat' dir='ltr'>Stil-ps</span> <span class='ocrx_word' id='word_1_194' title='bbox 1128 851 1278 881; x_wconf 85' lang='lat' dir='ltr'>generosa</span> <span class='ocrx_word' id='word_1_195' title='bbox 1303 844 1456 882; x_wconf 89' lang='lat' dir='ltr'>comitum,</span> 
     </span>
     <span class='ocr_line' id='line_1_52' title="bbox 953 888 1480 928; baseline -0.002 -7"><span class='ocrx_word' id='word_1_196' title='bbox 953 888 1105 928; x_wconf 82' lang='lat' dir='ltr'>Princeps</span> <span class='ocrx_word' id='word_1_197' title='bbox 1129 897 1265 919; x_wconf 85' lang='lat' dir='ltr'>summae</span> <span class='ocrx_word' id='word_1_198' title='bbox 1290 888 1480 928; x_wconf 87' lang='lat' dir='ltr'>clementiae,</span> 
     </span>
     <span class='ocr_line' id='line_1_53' title="bbox 1000 934 1444 973; baseline -0.002 -7"><span class='ocrx_word' id='word_1_199' title='bbox 1000 934 1103 966; x_wconf 87' lang='lat' dir='ltr'>Decus</span> <span class='ocrx_word' id='word_1_200' title='bbox 1128 938 1158 965; x_wconf 92' lang='lat' dir='ltr'>et</span> <span class='ocrx_word' id='word_1_201' title='bbox 1182 935 1279 965; x_wconf 88' lang='lat' dir='ltr'>honor</span> <span class='ocrx_word' id='word_1_202' title='bbox 1303 935 1444 973; x_wconf 86' lang='lat' dir='ltr'>militum,</span> 
     </span>
    </p>

    <p class='ocr_par' dir='ltr' id='par_1_17' title="bbox 953 980 1482 1242">
     <span class='ocr_line' id='line_1_54' title="bbox 1046 980 1277 1020; baseline -0.009 -8"><span class='ocrx_word' id='word_1_203' title='bbox 1046 980 1154 1012; x_wconf 80' lang='lat' dir='ltr'>Eleari</span> <span class='ocrx_word' id='word_1_204' title='bbox 1177 981 1277 1020; x_wconf 85' lang='lat' dir='ltr'>beate,</span> 
     </span>
     <span class='ocr_line' id='line_1_55' title="bbox 953 1026 1284 1058; baseline -0.003 0"><span class='ocrx_word' id='word_1_205' title='bbox 953 1026 1059 1058; x_wconf 82' lang='lat' dir='ltr'>Exora</span> <span class='ocrx_word' id='word_1_206' title='bbox 1085 1026 1153 1057; x_wconf 88' lang='lat' dir='ltr'>dari</span> <span class='ocrx_word' id='word_1_207' title='bbox 1176 1026 1284 1058; x_wconf 85' lang='lat' dir='ltr'>veniae</span> 
     </span>
     <span class='ocr_line' id='line_1_56' title="bbox 1001 1072 1425 1104; baseline -0.002 -1"><span class='ocrx_word' id='word_1_208' title='bbox 1001 1072 1099 1103; x_wconf 86' lang='lat' dir='ltr'>Nobis</span> <span class='ocrx_word' id='word_1_209' title='bbox 1124 1075 1155 1102; x_wconf 89' lang='lat' dir='ltr'>et</span> <span class='ocrx_word' id='word_1_210' title='bbox 1178 1072 1261 1104; x_wconf 85' lang='lat' dir='ltr'>vitae</span> <span class='ocrx_word' id='word_1_211' title='bbox 1283 1072 1425 1103; x_wconf 81' lang='lat' dir='ltr'>meritum</span> 
     </span>
     <span class='ocr_line' id='line_1_57' title="bbox 954 1117 1454 1156; baseline -0.006 -6"><span class='ocrx_word' id='word_1_212' title='bbox 954 1118 1154 1156; x_wconf 85' lang='lat' dir='ltr'>Tandemque</span> <span class='ocrx_word' id='word_1_213' title='bbox 1178 1118 1310 1149; x_wconf 84' lang='lat' dir='ltr'>fructum</span> <span class='ocrx_word' id='word_1_214' title='bbox 1337 1117 1454 1156; x_wconf 84' lang='lat' dir='ltr'>gloriae</span> 
     </span>
     <span class='ocr_line' id='line_1_58' title="bbox 1000 1163 1482 1202; baseline -0.004 -7"><span class='ocrx_word' id='word_1_215' title='bbox 1000 1164 1076 1195; x_wconf 84' lang='lat' dir='ltr'>Post</span> <span class='ocrx_word' id='word_1_216' title='bbox 1098 1163 1188 1202; x_wconf 67' lang='lat' dir='ltr'>hujus</span> <span class='ocrx_word' id='word_1_217' title='bbox 1212 1164 1296 1195; x_wconf 83' lang='lat' dir='ltr'>vitae</span> <span class='ocrx_word' id='word_1_218' title='bbox 1318 1163 1482 1194; x_wconf 83' lang='lat' dir='ltr'>transitum</span> 
     </span>
     <span class='ocr_line' id='line_1_59' title="bbox 1044 1210 1361 1242; baseline -0.006 0"><span class='ocrx_word' id='word_1_219' title='bbox 1044 1211 1083 1242; x_wconf 83' lang='lat' dir='ltr'>In</span> <span class='ocrx_word' id='word_1_220' title='bbox 1108 1211 1186 1241; x_wconf 87' lang='lat' dir='ltr'>coeli</span> <span class='ocrx_word' id='word_1_221' title='bbox 1211 1210 1361 1241; x_wconf 81' lang='lat' dir='ltr'>claritate.</span> 
     </span>
    </p>
   </div>
   <div class='ocr_carea' id='block_1_16' title="bbox 1017 1301 1366 1333">
    <p class='ocr_par' dir='ltr' id='par_1_18' title="bbox 1017 1301 1366 1333">
     <span class='ocr_line' id='line_1_60' title="bbox 1017 1301 1366 1333; baseline 0.003 -1"><span class='ocrx_word' id='word_1_222' title='bbox 1017 1302 1078 1333; x_wconf 81' lang='lat' dir='ltr'>Ad</span> <span class='ocrx_word' id='word_1_223' title='bbox 1106 1301 1366 1333; x_wconf 83' lang='lat' dir='ltr'>Matutinum.</span> 
     </span>
    </p>
   </div>
   <div class='ocr_carea' id='block_1_17' title="bbox 1087 1365 1299 1394">
    <p class='ocr_par' dir='ltr' id='par_1_19' title="bbox 1087 1365 1299 1394">
     <span class='ocr_line' id='line_1_61' title="bbox 1087 1365 1299 1394; baseline 0.014 -3"><span class='ocrx_word' id='word_1_224' title='bbox 1087 1365 1299 1394; x_wconf 84' lang='lat' dir='ltr'>Invitatorium.</span> 
     </span>
    </p>
   </div>
   <div class='ocr_carea' id='block_1_18' title="bbox 953 1416 1417 1594">
    <p class='ocr_par' dir='ltr' id='par_1_20' title="bbox 954 1416 1417 1502">
     <span class='ocr_line' id='line_1_62' title="bbox 954 1416 1417 1455; baseline -0.009 -6"><span class='ocrx_word' id='word_1_225' title='bbox 954 1417 1070 1455; x_wconf 83' lang='lat' dir='ltr'>Regem</span> <span class='ocrx_word' id='word_1_226' title='bbox 1093 1417 1257 1448; x_wconf 77' lang='lat' dir='ltr'>laudantes</span> <span class='ocrx_word' id='word_1_227' title='bbox 1281 1416 1417 1448; x_wconf 83' lang='lat' dir='ltr'>omnium</span> 
     </span>
     <span class='ocr_line' id='line_1_63' title="bbox 999 1463 1388 1502; baseline -0.008 -7"><span class='ocrx_word' id='word_1_228' title='bbox 999 1464 1036 1495; x_wconf 89' lang='lat' dir='ltr'>In</span> <span class='ocrx_word' id='word_1_229' title='bbox 1061 1463 1190 1502; x_wconf 87' lang='lat' dir='ltr'>psalmis</span> <span class='ocrx_word' id='word_1_230' title='bbox 1211 1463 1388 1501; x_wconf 52' lang='lat' dir='ltr'>,iubilemuss</span> 
     </span>
    </p>

    <p class='ocr_par' dir='ltr' id='par_1_21' title="bbox 953 1509 1347 1594">
     <span class='ocr_line' id='line_1_64' title="bbox 953 1509 1312 1548; baseline -0.003 -8"><span class='ocrx_word' id='word_1_231' title='bbox 953 1509 990 1540; x_wconf 91' lang='lat' dir='ltr'>In</span> <span class='ocrx_word' id='word_1_232' title='bbox 1015 1518 1072 1548; x_wconf 86' lang='lat' dir='ltr'>quo</span> <span class='ocrx_word' id='word_1_233' title='bbox 1099 1511 1131 1539; x_wconf 85' lang='lat' dir='ltr'>et</span> <span class='ocrx_word' id='word_1_234' title='bbox 1153 1509 1312 1540; x_wconf 85' lang='lat' dir='ltr'>Elearium</span> 
     </span>
     <span class='ocr_line' id='line_1_65' title="bbox 1000 1553 1347 1594; baseline -0.006 -8"><span class='ocrx_word' id='word_1_235' title='bbox 1000 1555 1085 1586; x_wconf 86' lang='lat' dir='ltr'>Voce</span> <span class='ocrx_word' id='word_1_236' title='bbox 1107 1553 1347 1594; x_wconf 86' lang='lat' dir='ltr'>magnificemus,</span> 
     </span>
    </p>
   </div>
   <div class='ocr_carea' id='block_1_19' title="bbox 1017 1647 1368 1746">
    <p class='ocr_par' dir='ltr' id='par_1_22' title="bbox 1017 1647 1368 1746">
     <span class='ocr_line' id='line_1_66' title="bbox 1017 1647 1368 1680; baseline 0.003 -1"><span class='ocrx_word' id='word_1_237' title='bbox 1017 1648 1063 1679; x_wconf 83' lang='lat' dir='ltr'>In</span> <span class='ocrx_word' id='word_1_238' title='bbox 1089 1647 1119 1679; x_wconf 83' lang='lat'>1.</span> <span class='ocrx_word' id='word_1_239' title='bbox 1144 1647 1201 1679; x_wconf 82' lang='lat' dir='ltr'>No</span> <span class='ocrx_word' id='word_1_240' title='bbox 1212 1649 1332 1678; x_wconf 87' lang='lat' dir='ltr'>cturn</span> <span class='ocrx_word' id='word_1_241' title='bbox 1342 1655 1368 1680; x_wconf 93' lang='lat'>0.</span> 
     </span>
     <span class='ocr_line' id='line_1_67' title="bbox 1097 1711 1288 1746; baseline 0 -9"><span class='ocrx_word' id='word_1_242' title='bbox 1097 1711 1288 1746; x_wconf 82' lang='lat' dir='ltr'>Antiphonae.</span> 
     </span>
    </p>
   </div>
   <div class='ocr_carea' id='block_1_20' title="bbox 920 1762 1326 1794">
    <p class='ocr_par' dir='ltr' id='par_1_23' title="bbox 920 1762 1326 1794">
     <span class='ocr_line' id='line_1_68' title="bbox 920 1762 1326 1794; baseline -0.002 -1"><span class='ocrx_word' id='word_1_243' title='bbox 920 1787 926 1793; x_wconf 96' lang='lat'>.</span> <span class='ocrx_word' id='word_1_244' title='bbox 952 1763 1067 1794; x_wconf 85' lang='lat' dir='ltr'>Beatus</span> <span class='ocrx_word' id='word_1_245' title='bbox 1093 1762 1141 1793; x_wconf 88' lang='lat' dir='ltr'>vir</span> <span class='ocrx_word' id='word_1_246' title='bbox 1165 1762 1326 1793; x_wconf 91' lang='lat' dir='ltr'>consilium</span> 
     </span>
    </p>
   </div>
   <div class='ocr_carea' id='block_1_21' title="bbox 954 1808 1428 1939">
    <p class='ocr_par' dir='ltr' id='par_1_24' title="bbox 954 1808 1428 1939">
     <span class='ocr_line' id='line_1_69' title="bbox 998 1808 1348 1846; baseline -0.006 -7"><span class='ocrx_word' id='word_1_247' title='bbox 998 1808 1149 1840; x_wconf 86' lang='lat' dir='ltr'>Devitans</span> <span class='ocrx_word' id='word_1_248' title='bbox 1173 1808 1348 1846; x_wconf 81' lang='lat' dir='ltr'>impiorum,</span> 
     </span>
     <span class='ocr_line' id='line_1_70' title="bbox 954 1852 1351 1893; baseline -0.003 -7"><span class='ocrx_word' id='word_1_249' title='bbox 954 1854 1079 1887; x_wconf 83' lang='lat' dir='ltr'>Piorum</span> <span class='ocrx_word' id='word_1_250' title='bbox 1101 1852 1165 1885; x_wconf 79' lang='lat' dir='ltr'>fert</span> <span class='ocrx_word' id='word_1_251' title='bbox 1187 1854 1351 1893; x_wconf 83' lang='lat' dir='ltr'>vestigium</span> 
     </span>
     <span class='ocr_line' id='line_1_71' title="bbox 999 1899 1428 1939; baseline -0.002 -8"><span class='ocrx_word' id='word_1_252' title='bbox 999 1899 1137 1939; x_wconf 86' lang='lat' dir='ltr'>Sequens</span> <span class='ocrx_word' id='word_1_253' title='bbox 1161 1901 1243 1931; x_wconf 79' lang='lat' dir='ltr'>viam</span> <span class='ocrx_word' id='word_1_254' title='bbox 1264 1901 1428 1938; x_wconf 85' lang='lat' dir='ltr'>justorum.</span> 
     </span>
    </p>
   </div>
   <div class='ocr_carea' id='block_1_22' title="bbox 921 1954 1444 1989">
    <p class='ocr_par' dir='ltr' id='par_1_25' title="bbox 921 1954 1444 1989">
     <span class='ocr_line' id='line_1_72' title="bbox 921 1954 1444 1989; baseline -0.008 0"><span class='ocrx_word' id='word_1_255' title='bbox 921 1983 927 1989; x_wconf 96' lang='lat'>.</span> <span class='ocrx_word' id='word_1_256' title='bbox 952 1955 1113 1987; x_wconf 82' lang='lat' dir='ltr'>Adversus</span> <span class='ocrx_word' id='word_1_257' title='bbox 1139 1954 1296 1987; x_wconf 82' lang='lat' dir='ltr'>Christum</span> <span class='ocrx_word' id='word_1_258' title='bbox 1319 1954 1444 1986; x_wconf 87' lang='lat' dir='ltr'>Domini</span> 
     </span>
    </p>
   </div>
   <div class='ocr_carea' id='block_1_23' title="bbox 953 2001 1387 2134">
    <p class='ocr_par' dir='ltr' id='par_1_26' title="bbox 953 2001 1387 2134">
     <span class='ocr_line' id='line_1_73' title="bbox 998 2001 1387 2041; baseline 0 -9"><span class='ocrx_word' id='word_1_259' title='bbox 998 2001 1123 2041; x_wconf 84' lang='lat' dir='ltr'>Plangit</span> <span class='ocrx_word' id='word_1_260' title='bbox 1146 2002 1387 2040; x_wconf 87' lang='lat' dir='ltr'>conventionem,</span> 
     </span>
     <span class='ocr_line' id='line_1_74' title="bbox 953 2047 1381 2086; baseline 0 -7"><span class='ocrx_word' id='word_1_261' title='bbox 953 2048 1011 2086; x_wconf 79' lang='lat' dir='ltr'>Qui</span> <span class='ocrx_word' id='word_1_262' title='bbox 1034 2048 1130 2079; x_wconf 87' lang='lat' dir='ltr'>vitam</span> <span class='ocrx_word' id='word_1_263' title='bbox 1155 2047 1243 2079; x_wconf 80' lang='lat' dir='ltr'>dedit</span> <span class='ocrx_word' id='word_1_264' title='bbox 1265 2048 1381 2079; x_wconf 90' lang='lat' dir='ltr'>homini</span> 
     </span>
     <span class='ocr_line' id='line_1_75' title="bbox 997 2095 1377 2134; baseline -0.003 -8"><span class='ocrx_word' id='word_1_265' title='bbox 997 2095 1059 2126; x_wconf 84' lang='lat' dir='ltr'>Per</span> <span class='ocrx_word' id='word_1_266' title='bbox 1082 2103 1169 2126; x_wconf 85' lang='lat' dir='ltr'>suam</span> <span class='ocrx_word' id='word_1_267' title='bbox 1193 2095 1377 2134; x_wconf 87' lang='lat' dir='ltr'>passionem.</span> 
     </span>
    </p>
   </div>
   <div class='ocr_carea' id='block_1_24' title="bbox 920 2150 1428 2183">
    <p class='ocr_par' dir='ltr' id='par_1_27' title="bbox 920 2150 1428 2183">
     <span class='ocr_line' id='line_1_76' title="bbox 920 2150 1428 2183; baseline -0.002 0"><span class='ocrx_word' id='word_1_268' title='bbox 920 2176 926 2183; x_wconf 94' lang='lat'>.</span> <span class='ocrx_word' id='word_1_269' title='bbox 953 2151 1037 2183; x_wconf 91' lang='lat' dir='ltr'>Voce</span> <span class='ocrx_word' id='word_1_270' title='bbox 1061 2151 1174 2182; x_wconf 81' lang='lat' dir='ltr'>clamat</span> <span class='ocrx_word' id='word_1_271' title='bbox 1196 2150 1237 2182; x_wconf 86' lang='lat' dir='ltr'>ad</span> <span class='ocrx_word' id='word_1_272' title='bbox 1261 2150 1428 2182; x_wconf 85' lang='lat' dir='ltr'>Dominum</span> 
     </span>
    </p>
   </div>
   <div class='ocr_carea' id='block_1_25' title="bbox 952 2197 1500 2324">
    <p class='ocr_par' dir='ltr' id='par_1_28' title="bbox 952 2197 1500 2324">
     <span class='ocr_line' id='line_1_77' title="bbox 999 2197 1384 2236; baseline 0 -8"><span class='ocrx_word' id='word_1_273' title='bbox 999 2197 1037 2228; x_wconf 87' lang='lat' dir='ltr'>In</span> <span class='ocrx_word' id='word_1_274' title='bbox 1061 2199 1160 2228; x_wconf 88' lang='lat' dir='ltr'>morte</span> <span class='ocrx_word' id='word_1_275' title='bbox 1186 2197 1384 2236; x_wconf 77' lang='lat' dir='ltr'>dormiturus,</span> 
     </span>
     <span class='ocr_line' id='line_1_78' title="bbox 952 2243 1500 2284; baseline 0.002 -10"><span class='ocrx_word' id='word_1_276' title='bbox 952 2243 1028 2275; x_wconf 88' lang='lat' dir='ltr'>Post</span> <span class='ocrx_word' id='word_1_277' title='bbox 1055 2243 1174 2275; x_wconf 89' lang='lat' dir='ltr'>vultum</span> <span class='ocrx_word' id='word_1_278' title='bbox 1197 2243 1324 2284; x_wconf 85' lang='lat' dir='ltr'>plenum</span> <span class='ocrx_word' id='word_1_279' title='bbox 1347 2244 1500 2275; x_wconf 86' lang='lat' dir='ltr'>luminum</span> 
     </span>
     <span class='ocr_line' id='line_1_79' title="bbox 997 2290 1419 2324; baseline 0.002 -2"><span class='ocrx_word' id='word_1_280' title='bbox 997 2290 1156 2322; x_wconf 82' lang='lat' dir='ltr'>Monstrat</span> <span class='ocrx_word' id='word_1_281' title='bbox 1176 2294 1419 2324; x_wconf 83' lang='lat' dir='ltr'>resurrecturus.</span> 
     </span>
    </p>
   </div>
  </div>
 </body>
</html>
