1656 2491
313 153 373 184 Est
395 152 532 190 sortitus,

315 198 488 230 Redimitus

361 243 482 275 Corona
500 242 648 282 justitiae.

316 306 515 338 Venerandus

314 352 551 389 HermelanduS,

361 397 518 437 Spiritalis
543 397 661 435 gratiae

317 444 378 475 Vas
404 443 544 482 electum,

316 489 452 528 Sequens
476 491 594 519 rectum

360 536 426 567 Iter
448 534 651 572 innocentiae,

318 599 381 631 Sub
409 599 513 632 divina

315 645 489 685 Disciplina

358 692 444 724 Zona
466 691 672 722 continentiae

319 738 359 769 Se
382 737 556 776 praecinxit

316 784 361 814 Et
384 783 532 814 exstinxit,

362 828 512 859 Fomenta
534 828 696 867 lasciviae3

320 893 413 923 Lucis
436 893 595 931 templum,

319 939 405 970 Dans
427 937 598 977 exemplum

366 983 454 1016 Pacis
479 986 508 1013 et
531 983 709 1020 munditiae,

322 1030 371 1061 Ab
396 1030 455 1061 hac
474 1031 542 1060 luce

321 1076 443 1108 Christo
470 1076 546 1107 duce

758 54 1010 89 -164—

1075 142 1119 174 In
1142 142 1224 174 Lau
1234 141 1302 173 dib
1312 150 1365 173 us.

1097 206 1142 232 Ad
1161 205 1340 232 Benedictus.

914 264 954 297 A.
979 263 1030 294 Ad
1054 264 1199 293 aeternae
1222 261 1306 292 vitae
1329 268 1458 299 regnum

1026 311 1057 339 et
1079 308 1243 339 coelestem
1267 306 1403 344 patriam

980 355 1058 394 Duc,
1086 351 1241 385 confessor
1263 351 1484 391 Hei-melancie,

1025 402 1221 440 praesentem
1244 398 1404 437 familiam,

981 447 1024 479 Ut
1047 447 1183 478 laetetur
1205 447 1308 476 tecum
1331 447 1418 476 tuam

1026 492 1221 532 possedendo
1246 491 1386 531 gloriam,

982 539 1066 577 Quae
1089 546 1171 570 nunc
1195 541 1266 569 tuae
1289 536 1464 569 sanctitatis

1026 585 1136 617 recolit
1159 584 1349 615 memoriam.

1076 678 1125 709 In
1149 677 1181 708 2.
1207 676 1416 715 Vesperis.

1109 740 1153 767 Ad
1171 739 1349 775 Magnificat.

917 798 955 829 A.
984 798 1008 829 O
1032 797 1085 836 pie
1110 795 1278 833 confessor,

1027 843 1111 874 vitae
1135 843 1187 882 qui
1209 850 1339 874 munere
1362 842 1489 881 gaudes,

982 888 1202 927 Hermeiande‚
1227 896 1336 927 preces

1028 937 1057 965 et
1082 938 1203 965 nostras
1231 935 1355 974 suscipe
1379 934 1498 973 laudes,

983 980 1034 1020 Ut,
1061 980 1112 1019 qui
1139 980 1258 1012 devotis

1030 1027 1139 1058 animis
1166 1026 1327 1058 celebrant
1351 1029 1405 1058 tua
1428 1025 1519 1065 festa,

984 1072 1075 1104 Vitae
1097 1073 1270 1112 praesentis

364 1121 505 1160 Migrans
527 1122 627 1152 laetus
650 1120 752 1151 hodie.
1028 1119 1154 1150 valeant
1176 1120 1277 1150 xitare
1295 1118 1436 1151 molesta.

330 1194 412 1220 Brev.
425 1192 573 1221 Loehense
592 1194 658 1227 imp.
671 1191 834 1218 'turonibus
853 1189 931 1218 1556.
946 1204 982 1209 —
995 1191 1060 1218 ΑΗΘ
1080 1192 1199 1227 fibrigen
1212 1192 1294 1219 Teile
1314 1193 1363 1219 cles
1385 1191 1531 1219 Officiums

259 1230 324 1258 sind
343 1239 384 1265 pr<
396 1230 503 1263 *aiseh3
523 1230 569 1256 die
588 1229 722 1262 Hymnen
740 1228 825 1255 hiezu
842 1236 863 1253 s.
883 1227 1023 1255 Analecta
1043 1228 1092 1261 XI,
1112 1237 1140 1263 p.
1163 1227 1216 1255 152
1236 1237 1279 1264 sq,

605 1344 650 1374 63.
689 1344 730 1374 De
749 1351 789 1375 ss.
808 1344 1009 1376 Hermelanuo
1030 1346 1063 1376 et
1082 1345 1185 1377 Baldo.

393 1423 437 1453 In
464 1423 492 1454 1.
519 1423 731 1461 Vesperis.
1051 1424 1111 1454 Ad
1141 1424 1401 1458 matutinum.

1120 1486 1331 1515 Inritatorium.

987 1539 1252 1577 Praeoccupemus
1277 1538 1390 1570 faciem
1407 1538 1532 1571 Domini

986 1585 1024 1615 In
1050 1583 1241 1615 confessione
1265 1588 1451 1617 sanctorum.

444 1497 488 1524 Ad
507 1496 680 1531 Magnificat.

260 1559 301 1590 A.
328 1558 351 1589 Ο
379 1556 499 1589 Christo
522 1557 609 1596 plebs
636 1558 749 1596 dedita,

327 1603 508 1634 Sanctorum
532 1603 629 1642 glebis
653 1604 804 1642 praedita,

374 1648 546 1681 Gratuleris
570 1649 672 1688 hodie,

415 1696 495 1727 Tota
518 1695 560 1726 sis
579 1695 726 1734 jucunda,

325 1741 499 1780 Erumpens
522 1741 554 1771 in
577 1741 722 1772 laudibus

325 1786 450 1819 Sursum
475 1787 585 1818 erectis
611 1787 755 1818 cordibus

371 1833 480 1864 Lauda
500 1841 604 1873 regem
627 1833 744 1871 gloriae

435 1878 523 1911 Labe
545 1881 648 1910 mente
669 1879 800 1916 munda3

326 1923 419 1962 Spem
442 1924 506 1956 fide
530 1924 704 1965 corrobora,

325 1970 408 2001 Ecce
431 1972 608 2002 sanctorum
631 1979 761 2009 corpora

372 2015 574 2048 Hermelandi
598 2017 750 2055 Baldique

437 2062 509 2093 Tibi
533 2062 794 2103 commendantur,

329 2108 414 2139 Votis
440 2118 511 2148 ergo
536 2109 661 2148 sedulis,

329 2154 438 2194 Dignis
462 2157 625 2186 concentus
648 2155 781 2186 modulis

372 2201 403 2233 A
427 2200 514 2232 nobis
536 2210 618 2233 nunc
640 2202 762 2241 utrique

440 2247 561 2279 Laudes
583 2246 769 2281 referantur.

1051 1665 1110 1697 Ad
1136 1666 1400 1702 Nocturnum.

1104 1725 1195 1760 Super
1212 1727 1353 1755 Psalmos.

921 1774 960 1803 A.
987 1773 1069 1804 Laus
1093 1773 1200 1804 litetur
1224 1775 1257 1805 in
1281 1778 1461 1807 sanctorum

1033 1818 1127 1851 Festo
1152 1822 1242 1859 grata
1265 1822 1393 1860 numini,

1032 1865 1114 1897 Nam
1137 1866 1171 1897 in
1193 1867 1263 1907 lege
1285 1867 1412 1900 Domini

987 1910 1062 1942 Fuit:
1084 1911 1227 1944 voluntas
1252 1922 1369 1947 eorum.

1130 1971 1334 2006 Responsoria.

926 2019 956 2050 1.
981 2018 1133 2050 Mundum
1157 2019 1199 2052 ad
1223 2021 1295 2059 agni
1315 2022 1441 2060 nuptias

1037 2065 1177 2097 Invitans
1202 2075 1258 2097 rex
1283 2068 1439 2099 coelorum

990 2110 1102 2142 Servos
1125 2113 1288 2150 praemisit
1313 2114 1414 2146 varias

1036 2158 1223 2190 Promittens
1247 2162 1319 2198 post
1340 2160 1482 2194 laborum

991 2203 1121 2235 Cursum
1144 2206 1228 2236 vitae
1253 2206 1381 2239 delicias

1035 2250 1216 2284 Mercedem
1239 2253 1431 2287 meritorum.
