1656 2491
767 99 1020 133 —114—

326 193 431 225 Sancti
455 194 558 233 pergit
580 194 620 224 ad
644 192 863 229 habitaculum,

370 239 469 272 Offert
490 248 525 270 se
547 240 719 277 servulum3

293 312 299 318 .
324 285 438 316 Donati
459 285 634 324 magisterio

325 331 419 362 Brevi
441 329 575 370 profecit
598 330 708 369 spatio.

295 413 300 419 ‚
325 386 391 416 Fur
413 386 528 416 olerum
553 383 635 415 facto
660 383 807 415 fasciculo

326 431 406 461 Tota
427 433 517 461 nocte
539 432 630 469 gyrat
644 438 702 468 per
717 429 864 460 ambitum

323 476 389 506 Nec
411 475 443 505 in
466 478 531 506 toto
556 476 674 514 reperit
696 475 818 506 hortulo

324 521 445 552 Praedo
476 520 559 552 infer
582 521 713 552 liberum
738 520 863 558 exitum,

289 592 296 598 .
322 566 452 597 Sanctus
479 575 532 597 suo
558 575 661 597 coram
687 567 839 604 discipulo

324 612 490 650 Repertun]
515 612 629 643 liberat
649 621 766 643 summo
785 611 863 642 dilu-

644 658 723 690 culo.

293 739 299 745 .
326 712 470 743 Strictum
486 715 577 751 parat
590 713 650 743 iter
663 715 694 743 et
705 712 865 744 horridum

325 758 376 789 Ad
397 758 512 789 Donati
538 758 667 789 daemon
690 758 864 797 imperium,

325 803 456 834 Restant
479 804 581 834 adhuc
604 805 707 835 acervi
725 803 865 843 lapidum

324 849 399 879 Veri
423 848 498 879 facti
524 849 632 880 dantes
655 850 813 886 indicium,

291 918 298 925 .
323 894 460 926 Montem
474 895 575 933 replet
585 896 736 933 quaerelis
744 895 865 925 miseris

324 939 370 971 Ob
394 940 523 978 injuncti
546 940 683 971 laborem
708 940 820 979 operis,

418 1022 462 1052 In
485 1022 709 1054 Laudibus.

469 1079 658 1114 Antiphonae.

296 1151 303 1159 .
329 1124 446 1165 Celsus,
470 1126 580 1164 plenus
604 1127 749 1166 nequitia,

373 1170 487 1201 Donati
508 1171 596 1209 jubet
617 1172 717 1203 latera.

326 1216 429 1247 Tundi
453 1217 557 1255 virgis,
582 1219 751 1257 praestigia

371 1261 529 1300 Reputans
555 1263 619 1300 ejus
645 1272 748 1302 opera.

292 1340 299 1348 .
327 1315 491 1355 Sexaginta
514 1317 646 1355 pedibus

372 1361 470 1400 Rupis
494 1362 573 1393 rima
595 1365 690 1405 patet,

330 1406 393 1437 Ubi
419 1415 486 1437 cum
512 1408 663 1446 discipulo

372 1452 460 1482 Metu
485 1452 565 1484 Celsi
590 1454 676 1484 latet.

929 192 960 223 3.
986 191 1087 222 Boves
1112 192 1231 230 quaerit
1255 191 1399 230 rusticus,

1032 245 1124 276 quem
1146 238 1255 269 videns
1278 238 1327 267 vir
1351 237 1428 268 Dei:

988 282 1074 322 GraS„
1099 283 1209 322 inquit,
1233 283 1383 322 invenies,

1033 329 1079 359 sic
1103 329 1218 360 accidit
1243 329 1279 359 ei.

928 402 960 433 4.
988 401 1094 433 Celsus
1121 402 1297 433 celsitudini

1031 448 1142 478 timore
1166 447 1288 478 sublato

985 493 1046 524 Pro
1071 494 1210 524 sananda
1232 492 1297 524 filia

1031 539 1185 577 supplicat
1210 538 1343 569 Donato.

953 636 961 643 .
986 611 1080 642 Venit
1102 612 1144 643 ad
1167 610 1353 643 infantulum

1032 656 1132 688 Cerva
1157 657 1250 688 certis
1274 657 1359 688 horis

985 702 1091 733 Laetis
1116 704 1269 742 praebens
1293 704 1439 742 poculum

1030 749 1127 780 Prece
1152 747 1347 781 confessoris,

1104 830 1149 856 Ad
1168 830 1349 857 Benedictus.

953 909 959 916 .
986 885 1117 917 Sanctus
1138 887 1199 917 iste
1222 886 1346 924 plenam
1368 888 1531 919 victoriam

987 931 1175 963 Consecutus
1200 932 1240 963 ad
1267 933 1344 963 coeli
1366 934 1501 971 patriam

986 978 1062 1008 Post
1084 980 1279 1016 praesentem
1304 979 1418 1010 transit
1438 980 1529 1011 mise-

1308 1025 1396 1063 riam,

988 1068 1048 1098 Pro
1072 1068 1181 1100 labore
1204 1072 1368 1107 reportans
1388 1072 1528 1110 gloriam.

1057 1196 1101 1226 In
1131 1198 1161 1228 2.
1188 1197 1397 1236 vesperis,

1106 1264 1151 1290 Ad
1169 1264 1344 1299 Mag-nificat.

920 1319 959 1351 A.
985 1318 1185 1351 Florentinus
1210 1329 1276 1351 cum
1302 1325 1409 1354 sancto
1427 1325 1530 1357 Mario

987 1364 1093 1395 Sancti
1106 1374 1217 1404 corpus
1226 1368 1379 1399 tumulant
1386 1369 1529 1410 hominis„

988 1410 1122 1447 Quorum
1146 1413 1238 1443 trium
1262 1422 1351 1445 sacro
1376 1418 1529 1448 consortio

988 1455 1053 1487 Nos
1078 1457 1175 1488 societ,
1198 1456 1280 1489 filius
1304 1459 1446 1493 hominis.

333 1514 415 1540 Brev.
435 1514 623 1542 Sistariccnse
641 1517 708 1551 imp.
723 1517 854 1544 Sistarici
874 1525 948 1544 anno
964 1516 1044 1545 1513.
1058 1534 1095 1538 —-
1116 1521 1150 1547 In
1169 1518 1195 1548 3.
1208 1521 1289 1548 Noct.
1306 1520 1325 1547 R
1343 1521 1365 1557 1,
1387 1522 1404 1551 6
1422 1525 1531 1560 profert

260 1551 363 1586 spatio.
383 1565 420 1569 —
438 1551 473 1577 In
491 1551 581 1578 Laud.
601 1550 623 1578 Α
644 1552 668 1585 1,
688 1551 705 1580 3
725 1555 918 1589 praestigiam.
931 1569 967 1573 —
980 1555 1025 1581 Ad
1036 1555 1140 1584 Bened.
1155 1555 1188 1590 Α,
1207 1556 1227 1584 4
1244 1561 1379 1594 reputans
1398 1561 1531 1596 gloriam.

704 1642 751 1672 42.
790 1641 832 1672 De
852 1643 960 1673 sancta
979 1644 1074 1675 Ebba.

393 1696 437 1727 In
463 1697 492 1729 1.
514 1698 724 1737 Vesperis.

439 1754 530 1790 Super
547 1756 686 1784 Psalmos.

290 1827 299 1834 ,
325 1801 394 1833 Ave
417 1802 503 1833 sidus
528 1804 669 1835 coelestis
696 1806 807 1845 curiae,

324 1847 399 1879 Flos
408 1850 440 1878 et
448 1848 551 1888 decus,
563 1849 663 1892 Ebba,
674 1851 864 1890 Britanniae,

325 1893 408 1924 Tuos
431 1894 491 1925 tuis
516 1896 674 1927 adstantes
698 1896 842 1929 laudibus

325 1939 409 1970 Coeli
432 1941 533 1970 tecum
556 1942 690 1981 adJ'unge
714 1942 842 1976 civibus.

444 2002 489 2028 Aa
506 2003 680 2039 Mag-nificat.

292 2073 298 2080 .
326 2047 456 2088 Christe,
482 2050 618 2082 salvator

372 2096 402 2124 et
426 2098 545 2126 amator
568 2096 734 2139 hominum,

325 2139 382 2177 Qui
405 2148 438 2171 es
462 2150 591 2180 sponsus

372 2189 403 2216 et
427 2195 539 2218 corona
561 2188 723 2230 virginum,

324 2232 401 2271 Tua,
426 2241 617 2274 quaesumUS‚

367 2279 499 2310 laetetur
523 2281 653 2312 ecclesia

988 1703 1073 1735 Tuae
1095 1704 1205 1737 Ebbae

1031 1750 1089 1781 tibi
1113 1752 1235 1783 solvens
1259 1755 1436 1795 praeconia,

987 1793 1030 1826 Ut
1053 1796 1225 1837 quicunque
1383 1796 1388 1801 ’

1032 1843 1097 1882 ejus
1122 1845 1258 1882 gaudent
1281 1845 1394 1887 officio,

986 1887 1052 1919 Tuo
1076 1897 1199 1928 semper

1031 1934 1231 1967 subleventur
1255 1938 1381 1972 auxilio.

1054 2036 1114 2067 Ad
1138 2037 1398 2073 Matutinum.

1119 2100 1331 2129 Invitatorium.

987 2149 1147 2182 Adoretur

1033 2196 1173 2230 Christus
1198 2207 1253 2230 rex
1277 2201 1385 2244 gloria,

987 2242 1046 2280 Qui
1070 2243 1222 2282 glorificat

1030 2289 1143 2321 Elbam
1165 2292 1199 2323 in
1221 2293 1357 2327 aethere.
