1656 2491
641 185 682 215 18.
720 184 761 214 De
780 184 885 215 sancto
905 183 1081 222 Augustino.

363 252 411 283 In
439 254 467 286 1.
491 252 701 291 Vesperis.

231 316 270 347 R.
296 316 320 347 Ο
347 316 439 346 decus
464 316 620 353 ecclesiae,

341 361 394 392 lux
432 360 556 399 mundi,
596 361 678 391 salus
717 368 836 399 quoque

613 408 727 446 terrae,

294 452 465 489 Augustine
487 453 586 491 pater,

341 496 452 526 dilecte
475 495 541 527 Deo
565 497 771 535 vehementer,

295 541 353 571 Pro
376 541 464 572 nobis
490 541 645 572 Christum

336 587 467 625 supplex
493 586 624 625 deposce
648 587 821 626 benignum.

227 632 263 664 V.
290 631 334 662 Ut
356 633 440 662 vitiis
463 632 603 671 mundos,

336 679 482 709 virtutum
508 678 623 710 lumine
648 680 756 720 clarOS‚

291 723 416 754 Reddat
438 732 493 755 nos
517 725 638 761 patriae

336 769 481 800 coelestia
506 769 608 801 dando
632 778 793 809 supernae.

408 851 452 877 Ad
470 850 643 885 Magnificat.

225 906 265 938 A.
290 906 469 944 Augustine,
496 915 611 937 summe
637 908 744 939 doctor

334 951 378 982 Et
402 953 500 983 cultor
520 953 669 992 justitiae,

290 996 418 1027 Pietatis
442 1001 660 1040 propugnator,

335 1042 473 1074 Bellator
497 1043 655 1085 perfidiae,

297 1086 472 1126 Sapientiae
495 1097 552 1127 per
574 1089 640 1120 vias

333 1134 479 1171 pulchras
504 1137 544 1166 et.
558 1134 712 1174 pacificas,

291 1178 371 1215 Quas
395 1180 518 1220 trivisti,
547 1180 607 1211 duc
630 1190 685 1212 nos
709 1184 810 1213 tecum

332 1224 374 1255 ad
397 1233 453 1257 sua
475 1226 601 1264 palatia.

352 1343 382 1373 A
393 1343 412 1374 d
436 1343 693 1378 Matutinum.

416 1406 622 1434 Invitatorium.

284 1468 482 1501 Exsultemus
504 1470 572 1502 Deo
596 1475 711 1514 nostro,

332 1515 481 1547 laetemur
504 1516 536 1547 in
559 1517 700 1557 Domino,

286 1559 343 1597 Qui
368 1560 456 1592 dedit
478 1562 567 1593 nobis
591 1563 739 1603 insignem

331 1606 486 1638 doctorem
507 1608 656 1647 justitiae,

287 1649 379 1689 Cujus
402 1653 524 1684 nimbus
548 1654 623 1685 orbe
646 1658 710 1687 toto

330 1695 447 1729 fructus
473 1701 520 1730 est
542 1702 605 1730 tam
629 1700 801 1739 multiplex,

346 1816 388 1846 In
416 1817 445 1850 1.
471 1817 689 1851 Nocturno.

421 1880 610 1917 Antiphonae.

226 1943 257 1977 1.
282 1943 363 1974 Vere
387 1944 493 1977 beatus
516 1946 577 1977 iste
599 1948 657 1987 vir,

280 1989 420 2021 Summus
443 2000 549 2022 amans
573 1993 649 2035 legis
673 1995 734 2026 Dei

278 2034 465 2075 signumque
485 2040 548 2068 tam
571 2037 775 2080 fructiferum,

278 2080 323 2112 Ut
346 2082 403 2112 toti
429 2083 481 2114 det
503 2084 617 2116 mundo
643 2086 752 2118 cibum.

222 2137 253 2169 2.
278 2136 376 2175 Rupit
398 2138 548 2169 malorum
571 2140 703 2181 vincula,

275 2182 387 2222 Jugum
410 2183 520 2223 rejecit
542 2184 725 2227 improbum,

276 2228 420 2260 Sublimis
443 2230 476 2261 in
496 2234 601 2262 monte
622 2233 682 2264 Dei

275 2274 415 2313 Superna
436 2277 523 2315 jussa
548 2277 660 2311 docuit.

903 252 935 285 3.
962 252 1075 290 Vanos,
1100 258 1222 292 graves,
1245 250 1428 290 falsiloquos

960 297 1104 328 Sanctum
1129 300 1309 336 arguentem
1334 295 1414 329 filios

959 344 1065 374 Terris
1089 343 1174 374 Deus
1198 343 1367 375 mirificans

959 388 1124 420 Transfer-t
1146 389 1187 419 ad
1213 390 1292 420 coeli
1316 389 1463 427 requiem.

899 445 930 476 4.
956 444 1159 484 Benedixisti,
1185 443 1328 483 Domine,

957 489 1057 528 Justo,
1083 489 1136 528 qui
1159 492 1224 520 tam
1250 489 1362 521 dilexit
1381 493 1424 528 te,

955 534 1020 572 Quo
1043 537 1126 565 totus
1152 534 1226 565 dum
1249 535 1432 574 replebitur,

953 581 1125 611 Aeternum
1149 580 1345 619 gloriabitur.

898 637 929 667 5.
954 635 1109 666 Mirabilis
1134 643 1176 675 es,
1202 634 1345 677 Domine,

949 680 1076 712 Donans
1100 681 1250 712 honorem
1273 681 1401 720 gloriae,

952 726 1065 757 Hostes
1089 729 1158 758 tuos
1183 727 1236 765 qui
1262 728 1396 760 destruis

950 772 1088 803 Potentis
1113 772 1175 804 oris
1200 773 1311 812 gratia.

893 828 925 859 6.
949 828 1076 866 Arcum,
1100 827 1231 866 sagittas
1256 828 1394 860 tenebris

952 873 1057 904 Rectis
1081 876 1231 912 pararunt
1256 873 1401 912 improbi,

952 918 1035 949 Vicit
1056 918 1156 950 fidens
1180 919 1212 949 in
1236 919 1379 958 Domino,

950 963 1057 995 Justus
1081 964 1223 996 amabilis
1246 963 1324 996 Deo.

1088 1056 1288 1089 Responsoria.

893 1111 923 1142 1.
950 1109 1066 1141 Civitas
1090 1110 1179 1142 nobis
1203 1110 1336 1151 Tagaste

993 1157 1128 1195 regionis
1152 1155 1281 1188 Africae

946 1202 1152 1241 Augustinum
1176 1203 1286 1234 turrim
1312 1204 1398 1235 dedit

990 1246 1066 1278 fidei
1089 1248 1270 1288 catholicae,

881 1293 921 1325 V.
946 1292 1086 1324 Honesta
1108 1296 1139 1325 et
1163 1293 1332 1327 chn'stiana

992 1339 1108 1370 editum
1131 1341 1288 1379 progenie.

889 1395 920 1426 2.
945 1393 1084 1425 Maxima
1105 1397 1269 1433 parentum
1294 1405 1369 1428 cura

989 1440 1149 1471 literarum
1175 1441 1287 1472 studiis

946 1484 1041 1516 Brevi
1064 1494 1142 1525 puer
1166 1487 1305 1518 eruditus

987 1531 1117 1571 insignis
1143 1532 1275 1572 emicuit,

879 1576 915 1607 V.
943 1575 1045 1607 Sacris
1073 1578 1152 1608 enim
1178 1580 1209 1608 et
1234 1579 1346 1610 divinis

986 1623 1139 1661 aptandus
1165 1622 1285 1658 officiis.

886 1678 917 1709 3.
942 1678 987 1707 At
1008 1678 1096 1709 rudis
1119 1678 1326 1711 adolescentis

987 1723 1143 1763 ingenium
1169 1725 1270 1756 docile

934 1768 1051 1800 Errore
1074 1770 1327 1803 Manichaeorum

987 1815 1107 1853 capitur
1132 1815 1326 1857 Carthagine,

876 1860 912 1892 V.
939 1861 984 1893 Ut
1006 1864 1078 1899 post
1101 1862 1239 1894 revelata
1259 1865 1357 1904 magis

989 1907 1105 1939 veritas
1132 1908 1322 1941 dulcesceret

941 1952 985 1983 Et
1008 1954 1146 1985 tenacius
1171 1959 1329 1994 comperta

983 2000 1103 2037 pectori
1126 2000 1287 2033 insideret.

882 2055 912 2085 4.
941 2052 1076 2092 Cumque
1098 2055 1205 2093 plures
1229 2056 1383 2089 docuisset

981 2100 1125 2138 primitus
1148 2101 1182 2132 in
1204 2101 1325 2143 Africa,

938 2145 1111 2178 Oratoriam
1137 2147 1283 2180 docturus

984 2192 1115 2224 Romam
1139 2202 1260 2234 quoque
1282 2197 1420 2240 navigat,

875 2236 911 2272 V.
936 2237 981 2269 Ut
1005 2239 1177 2272 doctrinam
1202 2243 1281 2273 tanti
1305 2244 1365 2276 viri

982 2284 1098 2317 Probet
1123 2288 1154 2318 et
1179 2287 1281 2322 Italia.
