1679 2491
720 83 950 118 „25-

202 177 236 208 4.
261 175 387 207 Plasma
409 176 478 208 Deo
504 177 588 208 dicat

307 222 464 263 hymnum,
479 230 537 261 per
545 231 637 262 quem
646 222 812 255 benedicat

260 267 391 299 Insimul
415 268 588 307 Agr-icium,

307 321 432 345 nomme
455 322 551 353 reque
573 315 669 354 pium.

205 388 236 419 5.
262 386 354 418 Illum
379 387 551 426 laudemus,

306 441 368 472 quo
395 436 508 464 cuncta
531 435 637 464 creata
658 435 808 473 tenemus,

263 477 320 510 Cui
344 479 412 510 laus
436 479 469 510 in
492 478 609 510 sanctis

306 525 376 556 lans
400 526 449 556 est
470 525 527 556 hos
552 523 785 557 sanctificantis.

384 624 429 652 Ad
448 625 629 652 Benedictus.

194 681 236 713 A.
262 680 286 712 Ο
312 681 426 719 Agr-iti,
452 680 588 717 sedulos,

307 725 387 757 filios
413 725 537 766 exaudi,

259 772 487 811 Depromentes
511 772 654 803 modulos

306 818 408 857 Digne
433 820 506 849 tuae
529 817 626 857 laudi,

261 864 328 895 Fac
351 864 442 895 beate
465 865 571 895 vivere

307 910 381 942 Vita
404 919 492 952 pura,
519 910 600 941 bona

932 177 975 208 Et
1000 177 1094 216 potiri
1116 184 1249 215 propero

979 222 1105 254 Gloriae
1130 230 1251 254 corona.

1004 296 1049 327 In
1074 297 1104 326 2.
1132 295 1344 334 vesperis.

1053 359 1096 386 Ad
1115 358 1292 394 Magnificat.

865 407 905 438 A.
931 407 1018 437 Almi
1040 405 1161 445 Agricii

978 452 1123 491 precibus
1150 451 1189 482 da
1213 451 1327 490 gaudia
1351 450 1438 489 caeli,

933 498 1066 537 Christe,
1093 498 1153 528 tuis
1179 501 1210 528 et
1235 497 1329 528 corde
1352 496 1410 527 tihi

978 545 1097 575 servire
1119 543 1215 575 fideli.

934 590 1066 630 Protege
1089 598 1156 629 nos,
1182 591 1299 631 pastor,

978 637 1135 676 populum,
1163 644 1252 674 quem
1276 638 1310 666 tu
1334 635 1468 674 genuisti

932 681 977 711 Et
998 689 1056 719 per
1080 689 1170 719 quem
1195 681 1328 712 Domino

981 726 1090 765 dignus
1116 727 1240 764 praesul
1264 727 1420 767 placuisti,

930 771 1059 809 Nosque
1081 774 1150 802 tuos
1175 779 1280 802 servos

978 817 1097 848 meritis
1122 817 1329 856 precibusque
1352 820 1440 848 tuere

933 861 1179 902 Nostrorumque
1202 863 1272 901 pius

978 912 1174 948 peccatorum
1200 910 1357 940 miserere.

273 977 392 1013 Antiph.
418 987 470 1005 ms.
498 978 517 1006 S
545 979 656 1005 Mariae
682 978 718 1004 ad
739 977 849 1005 Gradus
870 978 938 1005 anni
958 976 1039 1005 1477.
1070 977 1137 1005 Ood.
1158 977 1264 1004 Semin.
1286 978 1431 1005 Colomen.
1453 978 1468 1005 »5

198 1015 232 1041 A.
254 1029 288 1034 -—
308 1015 425 1050 Antiph.
452 1025 504 1043 ms.
525 1016 554 1042 S.
574 1015 686 1042 Mariae
712 1015 748 1042 ad
767 1014 879 1042 Gradus
899 1022 973 1042 naec.
994 1013 1038 1042 15.
1068 1014 1136 1042 Ceti.
1157 1014 1263 1041 Semin.
1283 1014 1432 1042 Colonitn.
1452 1013 1470 1042 9

199 1052 232 1078 B.
253 1067 289 1072 -—
308 1052 425 1087 Antiph.
445 1061 497 1079 ms.
518 1052 547 1079 S.
566 1052 679 1079 Mariae
698 1052 734 1078 ad
753 1051 865 1078 Gradus
885 1060 958 1079 saec.
981 1050 1024 1078 15.
1052 1051 1119 1079 eod.
1139 1051 1245 1078 Semin.
1267 1050 1413 1079 Colonien.
1434 1049 1468 1079 23

198 1088 230 1117 G.
250 1103 283 1108 -
305 1090 341 1116 In
359 1086 387 1115 3.
405 1089 488 1116 Noet.
510 1087 530 1114 R
553 1088 578 1122 1,
596 1086 615 1115 3
634 1088 780 1116 collocans
800 1089 834 1115 A.

634 1205 659 1235 6.
698 1205 740 1235 De
760 1205 864 1235 sancto
883 1204 1044 1235 Aichadro.

339 1278 384 1310 In
411 1280 440 1310 1.
467 1278 677 1316 vesperis.

388 1341 433 1369 Aa
451 1340 627 1376 Magnificat.

229 1414 238 1422 .
263 1388 393 1421 Inclitus
417 1388 605 1425 Aichadrus‚

310 1434 429 1466 meritis
455 1437 487 1464 et
509 1434 633 1465 nominc
658 1433 769 1471 clarus,

261 1481 345 1513 Dum
371 1481 455 1520 viget
477 1480 510 1511 in
535 1479 637 1521 coelis,

308 1527 455 1566 precibus
479 1534 535 1557 nos
560 1525 687 1563 adjuvet
709 1525 809 1565 almis,

261 1573 307 1605 Ut,
330 1576 403 1613 post
424 1574 504 1604 hanc
528 1573 622 1603 vitam

306 1628 481 1651 mereamur
505 1618 622 1650 habere
646 1618 790 1657 quietem.

323 1703 384 1734 Ad
415 1702 675 1734 Matutinum.

395 1767 600 1795 Invitatorium

260 1815 371 1854 Surge,
397 1815 482 1852 Sion,
508 1814 687 1845 veneranda
710 1816 762 1845 tuo

308 1862 349 1892 da
373 1860 495 1891 cantica
517 1868 640 1900 sponso,

262 1906 456 1939 Aichadrum
479 1905 605 1944 placido

307 1957 338 1985 et
361 1960 474 1984 resona
495 1951 605 1990 jubilo.

326 2038 370 2069 In
398 2037 427 2069 1.
453 2035 509 2066 No
521 2036 678 2066 cturn0.

404 2099 597 2135 Antiphonae.

225 2175 233 2184 .
258 2149 392 2182 Exstitit
414 2147 605 2181 Aichadrus‚

303 2205 415 2236 magno
442 2195 482 2225 tle
505 2193 644 2235 germine
667 2193 768 2232 natus,

259 2244 315 2278 Cui
340 2245 432 2283 pater
455 2238 649 2272 Ansoharius

303 2289 365 2321 fuit
370 2289 530 2321 Hermena
539 2287 808 2326 dignaquemater.

879 1278 910 1309 2.
936 1276 994 1314 Qui
1018 1275 1095 1307 facit
1117 1276 1271 1308 infantum

978 1323 1099 1361 linguas
1122 1330 1264 1353 sermone
1290 1323 1432 1362 disertas,

932 1368 1125 1399 Aichadrum
1148 1369 1260 1400 studiis

979 1414 1139 1445 doctrinae
1163 1414 1245 1445 ditat
1267 1414 1415 1447 honestis.

875 1493 907 1525 3.
932 1492 1113 1523 Transactis
1136 1493 1243 1524 lustris

978 1538 1026 1569 bis
1051 1539 1133 1570 binis
1158 1539 1278 1570 actibus
1302 1540 1408 1578 aequis

931 1584 1069 1624 Pervigil
1092 1584 1237 1616 excubias

977 1631 1010 1662 in
1034 1632 1150 1670 templo
1175 1639 1298 1670 semper
1321 1632 1454 1664 amabat.

874 1711 905 1742 4.
932 1710 1001 1741 Hoc
1025 1709 1159 1748 quadam
1184 1710 1357 1747 complente
1383 1711 1434 1742 die

978 1764 1038 1787 vox
1062 1756 1201 1788 intonat:
1228 1763 1309 1794 6666,

931 1801 1087 1833 Virtutem
1110 1801 1226 1832 virtute
1249 1804 1357 1840 petent

977 1847 1077 1878 sancti
1102 1846 1277 1884 specialem.

874 1926 906 1957 5.
933 1923 1083 1955 Continuo
1107 1925 1226 1955 nullum

979 1979 1106 2002 cernens
1131 1971 1211 2002 hanc
1234 1970 1358 2010 perficit
1380 1972 1475 2012 idem,

932 2016 1083 2048 Cernetur
1106 2017 1191 2049 Deus
1215 2018 1308 2057 inque
1332 2018 1407 2051 Sion

978 2064 1180 2103 dominusque
1206 2065 1345 2098 deorum.

874 2144 906 2177 6.
930 2143 1088 2183 Angelicis
1115 2144 1246 2183 jungens

980 2190 1071 2221 dictis
1095 2199 1151 2221 sua
1176 2190 1269 2230 dicta,
1295 2191 1396 2223 sodali

930 2236 1078 2276 Alloquio
1102 2236 1220 2268 Christi

978 2283 1070 2314 Fidei
1097 2283 1237 2316 devotior
1260 2283 1370 2315 haesit.
