1656 2491
727 108 770 112 -
821 89 980 124 124—

267 208 274 214 .
299 183 382 215 Dum
408 186 531 215 sanctus
555 184 588 214 in
612 181 741 213 ecclesia

303 229 481 261 Protelabat
505 228 638 267 suspiria

347 276 500 308 Christum
525 282 616 305 orans
638 274 764 312 attente,

301 321 403 351 Intrat
425 320 540 350 tribuni
563 318 637 356 filia,

303 366 410 397 Carnis
434 365 512 403 petit
536 364 717 395 commercia

344 411 462 441 Furens
486 418 600 441 vesana
621 412 739 440 mente:

249 456 267 487 ².
293 455 390 494 Fugit
413 455 473 493 hic,
498 455 610 494 linquit
633 454 743 494 spolia,

298 500 432 531 Moritur
455 501 628 533 temeraria,

342 546 514 577 Suscitatur
537 549 674 584 repente.

262 634 268 642 .
295 609 405 641 Fontis
428 612 536 641 renata
557 608 692 649 flumine,

295 654 406 687 Sancto
432 656 586 687 calescens
611 654 743 697 flamine,

339 701 538 732 Postmodum
561 702 747 740 baptizatur,

292 746 414 778 Blanda
437 750 565 778 vocatur
588 748 720 786 nomine,

293 791 393 823 Multo
417 793 515 831 patris
541 793 698 823 conamine

338 838 445 868 Puella
467 840 662 876 provocatur.

259 907 265 914 .
293 883 375 919 Quae
398 883 504 914 vivens
528 884 595 914 sine
619 884 755 924 crimine,

293 927 432 959 Tandem
455 929 537 959 victo
563 929 729 960 certamine

340 973 414 1004 Cum
437 975 552 1005 sanctis
575 978 746 1006 coronatur.

357 1087 402 1118 In
427 1088 457 1118 3.
482 1087 703 1121 Nooturno.

432 1154 620 1189 Antiphonae.

261 1233 267 1239 .
294 1208 409 1240 Christi
432 1210 630 1242 tabernacula

335 1255 446 1286 Pastor
470 1258 517 1286 est
538 1257 705 1297 ingressus,

292 1298 383 1338 Cujus
407 1301 473 1331 siue
496 1302 617 1333 macula

334 1345 437 1377 Fuere
459 1355 650 1386 progressus.

258 1431 266 1438 .
292 1407 375 1445 Quae
398 1410 507 1448 petivit
531 1410 631 1450 avide,

334 1453 402 1485 Jam
427 1456 548 1494 accepit
568 1456 658 1495 bona,

288 1498 430 1531 Pretioso
453 1500 559 1539 lapide

333 1544 452 1577 Rutilat
477 1555 598 1578 corona.

256 1634 263 1641 ,
288 1607 485 1640 Innocentem
509 1619 603 1649 opere

334 1653 395 1685 Sed
420 1657 451 1686 et
476 1657 568 1687 corde
590 1658 737 1689 mundum

289 1698 378 1730 Fecit
402 1700 486 1731 Deus
514 1702 663 1733 scandere

330 1745 468 1777 Montem
494 1747 574 1779 hunc
597 1746 771 1781 fecundum.

422 1827 620 1863 Responsoria.

253 1907 260 1915 .
285 1883 453 1915 Multitudo
478 1885 600 1923 gentilis
625 1886 741 1925 populi,

283 1927 383 1959 Laesa
394 1932 491 1968 peste,
504 1931 567 1961 vim
575 1930 670 1962 infert
679 1933 825 1975 praesuli,

287 1972 415 2005 Caesum
440 1975 586 2007 claudunt
605 1977 681 2008 hora
698 1986 822 2016 crepus-

604 2023 663 2053 culi

281 2064 450 2096 Reseratur
472 2066 558 2097 locus
581 2046 737 2100 vestibuli.

248 2134 255 2143 .
280 2110 363 2141 Miro
386 2112 478 2143 modo
501 2116 572 2144 sunt
598 2115 737 2146 conversi

283 2156 345 2188 Per
368 2157 449 2189 hunc
473 2158 554 2189 cives
578 2160 723 2192 universi.

248 2247 255 2254 .
280 2221 355 2253 Post
377 2222 501 2261 longum
526 2225 758 2264 postliminium,

281 2266 345 2304 Quo
370 2272 494 2300 rexerat
516 2270 724 2312 Blandffiium,

963 182 1094 214 Sanctus
1118 182 1244 212 hortatu
1269 181 1380 213 civium

962 228 1058 259 Redit
1081 228 1123 259 ad
1145 227 1246 258 locum
1270 228 1424 267 patrium3

960 273 1014 304 Fit
1037 274 1069 303 in
1094 274 1235 305 Tornaco
1259 273 1414 314 gaudium,

959 320 1121 351 Pastorem
1145 319 1239 350 habet
1261 320 1433 359 proprium,

925 389 932 396 .
959 365 1117 396 illuminat
1140 365 1327 404 Mamilium,

959 411 1064 449 Lepra
1088 414 1177 442 curat
1199 411 1363 451 Fericium,

958 457 1088 488 Beatum
1112 457 1224 495 pandit
1246 457 1365 495 regium

958 502 1002 533 Et
1025 502 1183 533 obtentum
1207 503 1387 536 remedium.

923 590 930 598 .
956 566 1163 597 Attendentes
1185 566 1345 604 haeretici,

957 612 1076 642 Nomen
1102 620 1206 643 eorum
1231 611 1333 652 dejici,

1003 656 1085 688 Satis
1108 657 1237 696 indigne
1260 657 1375 700 ferunt,

956 704 993 734 In
1017 705 1107 741 septa
1131 704 1240 742 templi
1264 703 1383 742 publici

955 748 1078 787 Latent,
1104 751 1138 779 ut
1162 750 1261 787 possit
1285 748 1369 780 effici

1000 793 1177 833 Flagitium,
1203 796 1285 833 quod
1310 798 1472 833 quaerunt.

920 864 927 871 .
952 839 1041 871 Freti
1064 838 1175 871 fraude
1197 841 1363 880 multiplici

955 886 1066 924 Plagas
1090 888 1196 917 sancto
1218 885 1359 925 pontifici

997 931 1122 962 Letales
1145 930 1333 963 inflixerunt.

1061 1046 1121 1076 Ad
1145 1044 1320 1078 Laudes.

1095 1112 1286 1144 Antiphonae.

918 1190 926 1198 .
952 1167 1052 1198 Nimis
1076 1171 1148 1198 sunt
1173 1169 1335 1200 credibilia

952 1212 1119 1244 Praeclara
1143 1214 1317 1245 testimonia

996 1258 1148 1290 Paternae
1172 1260 1356 1299 sanctitatis,

950 1304 1096 1335 Monetur
1119 1304 1236 1336 Thecla
1259 1306 1361 1345 tertio,

949 1349 1037 1388 Quod
1060 1351 1217 1381 reveletur
1239 1352 1318 1383 visio

995 1395 1135 1427 Praesuli
1160 1396 1303 1429 civitatis.

915 1481 923 1489 .
947 1458 1085 1498 Depulso
1107 1460 1219 1490 mentis
1243 1461 1348 1492 nubilo

949 1504 1106 1535 Vacarunt
1130 1513 1234 1536 omnes
1256 1506 1364 1549 J'ubilo‚

995 1549 1071 1582 Cum
1093 1560 1171 1589 puer
1194 1553 1374 1592 resurrexit,

950 1595 1002 1626 Sic
1024 1596 1188 1628 Helisaeus
1212 1598 1319 1629 visitat

948 1640 1146 1682 Sunamstem,
1174 1643 1246 1673 dum
1270 1645 1399 1676 suscitat

992 1687 1117 1728 Filium,
1143 1697 1233 1728 quem
1258 1690 1377 1722 dilexit.

914 1776 921 1784 .
947 1751 1009 1782 Sub
1034 1752 1152 1783 alarum
1176 1754 1328 1785 velamine

947 1796 1053 1829 Sancti
1075 1799 1185 1836 plenus
1212 1800 1374 1832 dulcedine

988 1843 1130 1875 Feriolus
1156 1846 1298 1885 exsultat,

945 1888 1082 1921 Solvitur
1106 1899 1125 1921 a
1149 1890 1336 1931 discrimine,

948 1934 1065 1966 eatena
1087 1945 1142 1967 suo
1167 1935 1318 1977 fragmine

989 1980 1159 2013 Tribunum
1183 1987 1284 2015 morte
1310 1986 1430 2020 multat.

911 2068 918 2076 .
943 2045 1168 2078 Benedicamus
1192 2047 1368 2090 Dominum,

948 2091 1025 2122 Post
1046 2095 1167 2131 tempus
1191 2103 1253 2125 non
1278 2095 1431 2129 diutinum

990 2137 1162 2170 Suscitatur
1185 2140 1337 2181 tribunuS,

943 2183 1040 2214 Liber
1064 2193 1083 2215 a
1105 2185 1195 2224 lapsu
1220 2187 1382 2220 criminum

945 2229 1102 2262 Contritus
1126 2232 1214 2272 vixit,
1237 2234 1392 2272 geminum

991 2276 1179 2309 Consecutus
1204 2283 1250 2310 est
1273 2290 1394 2316 munus.
