1679 2491
762 60 1011 95 —197—

793 154 838 181 Ad
856 154 1030 189 Magnifica't.

608 211 647 242 A.
673 211 841 251 Ludovice‚
867 219 922 242 rex
946 211 1146 249 Francorum,

676 258 710 288 In
735 256 820 288 felici
846 257 1004 289 beatorum

717 304 824 343 Regno
850 304 987 343 gaudens
1012 304 1120 343 gloria,

672 349 720 381 De
743 350 803 381 hac
825 350 908 381 valle
930 350 1113 381 miserorum

672 396 769 427 Recto
796 397 874 427 calle
897 405 953 427 nos
975 397 1128 435 ,iustorum

714 442 783 474 Duc
806 443 847 474 ad
873 442 951 474 coeli
974 442 1096 482 gaudia.

316 514 400 541 Brev.
421 523 472 542 ms.
493 515 724 543 Praedicator-um
743 524 817 543 saec.
839 513 882 543 14.
913 514 980 542 cod.
994 515 1132 542 Mazarin.
1153 512 1209 541 374
1225 513 1307 549 (247).
1324 515 1357 542 A.
1378 529 1413 533 —
1433 515 1516 542 Brev.

244 559 295 577 ηις.
320 551 553 579 Praedicatorum
579 561 651 580 saec.
681 551 723 579 14.
758 552 826 580 God.
850 551 1010 579 Londinen.
1033 552 1104 579 Adel.
1125 549 1206 578 3072.
1229 553 1259 579 B.
1279 567 1315 571 —
1334 552 1369 579 In
1390 550 1413 578 1.
1433 552 1515 579 Noct.

244 586 263 612 Β
292 585 322 622 3,
348 586 368 615 4
386 589 449 616 Rex
468 591 558 625 exigit
576 590 609 617 A.
629 604 666 608 —
684 590 719 617 In
738 587 764 617 3.
784 591 867 617 Noct.
889 587 908 614 R
929 587 961 621 3,
988 587 1005 616 8
1024 589 1085 616 Piis
1104 589 1227 616 vivendo
1248 589 1281 616 A.
1302 605 1338 609 —
1358 590 1414 616 Die
1433 598 1515 624 zuge-

241 624 362 662 h6rigen
380 625 516 660 'Hymnen
534 627 696 662 vergleiche
715 626 856 654 Analecta
873 627 923 660 XI,
944 627 993 653 ΝΥ.
1013 624 1083 653 317-
1107 624 1168 654 319.

594 734 640 765 75.
679 735 713 765 In
733 733 946 765 Translatione
966 742 990 764 s.
1009 733 1161 765 Lndovici.

381 813 424 844 In
451 813 480 845 1.
507 813 717 851 vesperis.

449 895 640 930 Antiphonae.

252 961 280 993 1.
307 961 506 992 Exsultemus
532 969 637 991 omnes
663 962 694 991 et
716 960 829 999 singuli

304 1007 395 1038 Diem
416 1006 530 1038 festum
554 1010 679 1046 agentes
702 1007 846 1046 gratiose,

304 1053 490 1092 Ludovicus‚
519 1054 605 1092 cujus
629 1062 685 1084 nos
710 1053 835 1092 servuli,

304 1100 487 1131 Translatus
516 1102 563 1130 est
585 1099 680 1131 hodie
703 1099 846 1139 gloriose.

272 1189 278 1196 .
307 1164 449 1196 Gloriose
472 1162 611 1203 praefuit

350 1211 457 1250 Regno
482 1210 643 1249 saeculari,

303 1257 449 1288 virtuose
468 1257 588 1287 studuit

348 1303 472 1335 Christo
497 1301 652 1342 famulari,

302 1349 494 1388 Pauperibus
518 1347 638 1388 profuit

348 1396 421 1427 Zelo
446 1395 606 1435 singulari.

268 1486 275 1493 .
302 1460 459 1500 Singulari
483 1459 623 1499 pollebat

349 1506 460 1538 Gratia
483 1506 609 1545 pietatis

301 1553 368 1585 Nec
391 1561 526 1591 unquam
552 1551 715 1584 deserebat

347 1599 469 1631 Limam
492 1598 657 1638 aequitatis

304 1646 417 1685 Sicque
441 1654 569 1685 regnum
592 1644 720 1684 regebat

348 1692 444 1732 Virga
469 1692 619 1725 veritatis,

267 1783 272 1789 .
298 1757 447 1789 Veritatis
474 1757 616 1788 doctores

347 1803 521 1835 Ferventer
546 1803 656 1834 dilexit

302 1850 346 1882 Et
370 1850 409 1881 ad
434 1849 531 1881 bonos
555 1857 656 1880 mores

348 1896 389 1928 Se
412 1898 511 1927 totum
536 1895 644 1934 erexit,

299 1943 376 1975 Suos
402 1950 596 1974 successores

346 1990 399 2021 Ad
422 1989 524 2021 Deum
550 1989 673 2021 direxit.

270 2082 276 2088 .
302 2055 429 2087 Direxit
453 2063 541 2094 reges
565 2054 720 2085 Franciae

347 2102 479 2134 Sanctus
503 2101 691 2139 Ludovicus,

304 2149 415 2181 Nitore
440 2148 647 2180 conscientiae

346 2196 462 2227 Factus
487 2195 547 2227 Dei
571 2195 698 2234 amicus,

299 2242 345 2276 Ob
373 2243 433 2274 hoc
454 2251 583 2282 regnum
607 2242 726 2282 gloriae

346 2289 438 2322 Nunc
461 2292 509 2321 est
531 2288 592 2321 sibi
616 2289 712 2321 vicus.

1088 809 1133 836 Ad
1151 809 1326 844 Magnificat.

906 866 945 898 A.
972 866 1031 897 Dei
1056 866 1155 897 cultor
1185 868 1216 896 et
1239 866 1347 906 amice,

1015 912 1120 945 Judex
1146 914 1177 942 et
1199 912 1283 943 ultor
1306 913 1466 952 malorum,

1016 958 1084 989 Rex
1108 957 1308 998 Francorum,

969 1004 1136 1042 Ludovice,

1015 1050 1146 1081 Fontem
1171 1059 1225 1081 ora
1248 1051 1384 1090 pietatis,

1016 1096 1061 1128 Ut
1083 1096 1219 1135 peccatis

1064 1142 1187 1174 Nostris
1213 1142 1266 1173 det
1288 1143 1409 1174 veniam

1063 1189 1222 1227 Nobisque
1245 1189 1384 1228 gratiam.

1035 1281 1095 1313 Ad
1119 1280 1379 1313 Matutinum.

1104 1345 1313 1372 Invitatorium.

968 1401 1094 1441 Regem,
1108 1409 1166 1441 per
1177 1409 1266 1440 quem
1275 1410 1363 1441 reges
1372 1406 1511 1442 regnant,

969 1447 1080 1479 Venite
1103 1447 1275 1479 adoremus.

1036 1541 1096 1572 Ad
1120 1539 1385 1572 Nocturnum.

1112 1604 1303 1639 Antiphonae.

935 1686 940 1691 .
969 1662 1062 1701 Cujus
1089 1669 1217 1699 corpore

1012 1707 1180 1747 Dionysius

1059 1754 1195 1785 Abunde
1219 1753 1347 1792 ditatur,

967 1801 1044 1840 EJ'us
1070 1799 1172 1840 capite

1013 1847 1104 1878 Nunc
1128 1846 1265 1877 Parisius

1059 1893 1202 1925 Jucunde
1227 1893 1361 1926 dotatur.

936 1976 943 1982 .
969 1949 1104 1981 Dotatur
1132 1949 1165 1979 in
1190 1947 1373 1980 coelestibus

1015 1996 1102 2027 Stola
1122 1995 1325 2035 jucunditatis

967 2043 1155 2081 Ludovicus,
1181 2042 1234 2081 qui
1258 2042 1382 2081 regibus

1012 2089 1072 2121 Est
1094 2097 1204 2121 norma
1227 2089 1413 2123 sanctitatis,

935 2172 942 2179 .
968 2145 1148 2177 Sanctitatis
1171 2145 1303 2176 culmine

1014 2192 1171 2224 Divinitus
1196 2194 1316 2223 erectus

964 2240 1154 2279 Angelorum
1179 2239 1300 2278 agmine

1014 2286 1085 2320 Jam
1109 2286 1150 2319 ad
1175 2286 1276 2318 coelos
1301 2288 1349 2317 est
1371 2288 1487 2318 vectus.
