<?xml version="1.0" encoding="UTF-8"?>
<!DOCTYPE html PUBLIC "-//W3C//DTD XHTML 1.0 Transitional//EN"
    "http://www.w3.org/TR/xhtml1/DTD/xhtml1-transitional.dtd">
<html xmlns="http://www.w3.org/1999/xhtml" xml:lang="en" lang="en">
 <head>
  <title>
</title>
<meta http-equiv="Content-Type" content="text/html;charset=utf-8" />
  <meta name='ocr-system' content='tesseract 3.04.00' />
  <meta name='ocr-capabilities' content='ocr_page ocr_carea ocr_par ocr_line ocrx_word'/>
</head>
<body>
  <div class='ocr_page' id='page_1' title='image "./analectahymnica13drevuoft_00036.png"; bbox 0 0 1679 2491; ppageno 0'>
   <div class='ocr_carea' id='block_1_1' title="bbox 264 174 631 261">
    <p class='ocr_par' dir='ltr' id='par_1_1' title="bbox 264 174 631 261">
     <span class='ocr_line' id='line_1_1' title="bbox 264 174 624 220; baseline 0.028 -16"><span class='ocrx_word' id='word_1_1' title='bbox 264 174 315 205; x_wconf 84' lang='lat' dir='ltr'>Ex</span> <span class='ocrx_word' id='word_1_2' title='bbox 341 184 493 209; x_wconf 87' lang='lat' dir='ltr'>consensu</span> <span class='ocrx_word' id='word_1_3' title='bbox 516 183 624 220; x_wconf 88' lang='lat' dir='ltr'>populi</span> 
     </span>
     <span class='ocr_line' id='line_1_2' title="bbox 311 220 631 261; baseline 0.031 -10"><span class='ocrx_word' id='word_1_4' title='bbox 311 220 468 254; x_wconf 78' lang='lat' dir='ltr'><strong>Successit</strong></span> <span class='ocrx_word' id='word_1_5' title='bbox 489 225 522 255; x_wconf 91' lang='lat' dir='ltr'>in</span> <span class='ocrx_word' id='word_1_6' title='bbox 546 228 631 261; x_wconf 87' lang='lat' dir='ltr'>sede.</span> 
     </span>
    </p>
   </div>
   <div class='ocr_carea' id='block_1_2' title="bbox 203 273 720 641">
    <p class='ocr_par' dir='ltr' id='par_1_2' title="bbox 203 273 720 641">
     <span class='ocr_line' id='line_1_3' title="bbox 203 273 591 319; baseline 0.021 -15"><span class='ocrx_word' id='word_1_7' title='bbox 203 274 236 305; x_wconf 69' lang='lat'>4.</span> <span class='ocrx_word' id='word_1_8' title='bbox 263 273 366 314; x_wconf 84' lang='lat' dir='ltr'>Digne</span> <span class='ocrx_word' id='word_1_9' title='bbox 386 279 591 319; x_wconf 82' lang='lat' dir='ltr'>praeeligitur</span> 
     </span>
     <span class='ocr_line' id='line_1_4' title="bbox 310 322 692 367; baseline 0.018 -15"><span class='ocrx_word' id='word_1_10' title='bbox 310 322 443 354; x_wconf 84' lang='lat' dir='ltr'>Ammon</span> <span class='ocrx_word' id='word_1_11' title='bbox 466 324 499 355; x_wconf 83' lang='lat' dir='ltr'>in</span> <span class='ocrx_word' id='word_1_12' title='bbox 523 330 692 367; x_wconf 79' lang='lat' dir='ltr'>pastorem,</span> 
     </span>
     <span class='ocr_line' id='line_1_5' title="bbox 261 366 647 410; baseline 0.018 -13"><span class='ocrx_word' id='word_1_13' title='bbox 261 366 319 404; x_wconf 75' lang='lat' dir='ltr'>Qui</span> <span class='ocrx_word' id='word_1_14' title='bbox 343 367 481 400; x_wconf 86' lang='lat' dir='ltr'>moribus</span> <span class='ocrx_word' id='word_1_15' title='bbox 506 373 647 410; x_wconf 85' lang='lat' dir='ltr'>sequitur</span> 
     </span>
     <span class='ocr_line' id='line_1_6' title="bbox 307 413 720 453; baseline 0.015 -9"><span class='ocrx_word' id='word_1_16' title='bbox 307 413 455 445; x_wconf 86' lang='lat' dir='ltr'>Sanctum</span> <span class='ocrx_word' id='word_1_17' title='bbox 479 424 720 453; x_wconf 81' lang='lat' dir='ltr'>praecessorem.</span> 
     </span>
     <span class='ocr_line' id='line_1_7' title="bbox 203 467 579 502; baseline 0.008 -3"><span class='ocrx_word' id='word_1_18' title='bbox 203 469 232 499; x_wconf 87' lang='grc'>5.</span> <span class='ocrx_word' id='word_1_19' title='bbox 260 467 364 499; x_wconf 81' lang='lat' dir='ltr'>Vitam</span> <span class='ocrx_word' id='word_1_20' title='bbox 389 470 579 502; x_wconf 84' lang='lat' dir='ltr'>eremiticam</span> 
     </span>
     <span class='ocr_line' id='line_1_8' title="bbox 303 514 591 556; baseline 0.014 -11"><span class='ocrx_word' id='word_1_21' title='bbox 303 514 341 545; x_wconf 89' lang='lat' dir='ltr'>In</span> <span class='ocrx_word' id='word_1_22' title='bbox 365 515 453 547; x_wconf 90' lang='lat' dir='ltr'>silvis</span> <span class='ocrx_word' id='word_1_23' title='bbox 478 517 591 556; x_wconf 85' lang='lat' dir='ltr'>agebat</span> 
     </span>
     <span class='ocr_line' id='line_1_9' title="bbox 257 559 641 600; baseline 0.016 -10"><span class='ocrx_word' id='word_1_24' title='bbox 257 559 433 600; x_wconf 88' lang='lat' dir='ltr'>Fidemque</span> <span class='ocrx_word' id='word_1_25' title='bbox 457 564 641 596; x_wconf 75' lang='lat' dir='ltr'>catholicam</span> 
     </span>
     <span class='ocr_line' id='line_1_10' title="bbox 302 606 580 641; baseline 0.014 -4"><span class='ocrx_word' id='word_1_26' title='bbox 302 606 359 637; x_wconf 87' lang='lat' dir='ltr'>Pie</span> <span class='ocrx_word' id='word_1_27' title='bbox 384 607 580 641; x_wconf 78' lang='lat' dir='ltr'>confovebat.</span> 
     </span>
    </p>
   </div>
   <div class='ocr_carea' id='block_1_3' title="bbox 187 660 650 1070">
    <p class='ocr_par' dir='ltr' id='par_1_3' title="bbox 187 660 650 1070">
     <span class='ocr_line' id='line_1_11' title="bbox 190 660 606 696; baseline 0.014 -6"><span class='ocrx_word' id='word_1_28' title='bbox 190 660 227 691; x_wconf 85' lang='lat' dir='ltr'>R.</span> <span class='ocrx_word' id='word_1_29' title='bbox 253 661 346 693; x_wconf 81' lang='lat' dir='ltr'>Felix</span> <span class='ocrx_word' id='word_1_30' title='bbox 371 663 450 694; x_wconf 87' lang='lat' dir='ltr'>haec</span> <span class='ocrx_word' id='word_1_31' title='bbox 474 665 606 696; x_wconf 86' lang='lat' dir='ltr'>ecclesia</span> 
     </span>
     <span class='ocr_line' id='line_1_12' title="bbox 302 707 614 750; baseline 0.01 -11"><span class='ocrx_word' id='word_1_32' title='bbox 302 707 409 739; x_wconf 86' lang='lat' dir='ltr'>Crevit</span> <span class='ocrx_word' id='word_1_33' title='bbox 432 708 464 739; x_wconf 91' lang='lat' dir='ltr'>in</span> <span class='ocrx_word' id='word_1_34' title='bbox 488 710 614 750; x_wconf 83' lang='lat' dir='ltr'>honore,</span> 
     </span>
     <span class='ocr_line' id='line_1_13' title="bbox 253 752 650 795; baseline 0.01 -11"><span class='ocrx_word' id='word_1_35' title='bbox 253 752 337 784; x_wconf 86' lang='lat' dir='ltr'>Dum</span> <span class='ocrx_word' id='word_1_36' title='bbox 361 755 524 786; x_wconf 86' lang='lat' dir='ltr'>Ammonis</span> <span class='ocrx_word' id='word_1_37' title='bbox 547 758 650 795; x_wconf 83' lang='lat' dir='ltr'>gratia</span> 
     </span>
     <span class='ocr_line' id='line_1_14' title="bbox 300 800 613 833; baseline 0.006 -2"><span class='ocrx_word' id='word_1_38' title='bbox 300 800 458 832; x_wconf 89' lang='lat' dir='ltr'>Virtutum</span> <span class='ocrx_word' id='word_1_39' title='bbox 485 802 613 833; x_wconf 86' lang='lat' dir='ltr'>dulcore</span> 
     </span>
     <span class='ocr_line' id='line_1_15' title="bbox 253 845 607 887; baseline 0.008 -10"><span class='ocrx_word' id='word_1_40' title='bbox 253 845 391 878; x_wconf 80' lang='lat' dir='ltr'>Refulsit</span> <span class='ocrx_word' id='word_1_41' title='bbox 415 856 484 878; x_wconf 89' lang='lat' dir='ltr'>cum</span> <span class='ocrx_word' id='word_1_42' title='bbox 507 848 607 887; x_wconf 79' lang='lat' dir='ltr'>gloria</span> 
     </span>
     <span class='ocr_line' id='line_1_16' title="bbox 298 892 598 934; baseline 0.007 -11"><span class='ocrx_word' id='word_1_43' title='bbox 298 892 451 933; x_wconf 89' lang='lat' dir='ltr'>Vitaeque</span> <span class='ocrx_word' id='word_1_44' title='bbox 476 894 598 934; x_wconf 87' lang='lat' dir='ltr'>decore,</span> 
     </span>
     <span class='ocr_line' id='line_1_17' title="bbox 187 937 592 979; baseline 0.007 -10"><span class='ocrx_word' id='word_1_45' title='bbox 187 938 224 970; x_wconf 87' lang='lat' dir='ltr'>V.</span> <span class='ocrx_word' id='word_1_46' title='bbox 250 937 341 970; x_wconf 86' lang='lat' dir='ltr'>Nova</span> <span class='ocrx_word' id='word_1_47' title='bbox 364 939 453 971; x_wconf 89' lang='lat' dir='ltr'>nobis</span> <span class='ocrx_word' id='word_1_48' title='bbox 478 941 592 979; x_wconf 85' lang='lat' dir='ltr'>gaudia</span> 
     </span>
     <span class='ocr_line' id='line_1_18' title="bbox 252 983 561 1018; baseline 0.01 -3"><span class='ocrx_word' id='word_1_49' title='bbox 252 983 390 1016; x_wconf 88' lang='lat' dir='ltr'>Reducit</span> <span class='ocrx_word' id='word_1_50' title='bbox 412 987 561 1018; x_wconf 88' lang='lat' dir='ltr'>memoria</span> 
     </span>
     <span class='ocr_line' id='line_1_19' title="bbox 297 1031 586 1070; baseline 0.007 -8"><span class='ocrx_word' id='word_1_51' title='bbox 297 1031 347 1062; x_wconf 91' lang='lat' dir='ltr'>De</span> <span class='ocrx_word' id='word_1_52' title='bbox 369 1033 427 1063; x_wconf 88' lang='lat' dir='ltr'>tali</span> <span class='ocrx_word' id='word_1_53' title='bbox 450 1034 586 1070; x_wconf 86' lang='lat' dir='ltr'>pastore.</span> 
     </span>
    </p>
   </div>
   <div class='ocr_carea' id='block_1_4' title="bbox 372 1105 611 1141">
    <p class='ocr_par' dir='ltr' id='par_1_4' title="bbox 372 1105 611 1141">
     <span class='ocr_line' id='line_1_20' title="bbox 372 1105 611 1141; baseline 0 -9"><span class='ocrx_word' id='word_1_54' title='bbox 372 1106 417 1132; x_wconf 87' lang='lat' dir='ltr'>Ad</span> <span class='ocrx_word' id='word_1_55' title='bbox 434 1105 611 1141; x_wconf 83' lang='lat' dir='ltr'>Magnificat.</span> 
     </span>
    </p>
   </div>
   <div class='ocr_carea' id='block_1_5' title="bbox 182 1157 766 1524">
    <p class='ocr_par' dir='ltr' id='par_1_5' title="bbox 182 1157 692 1197">
     <span class='ocr_line' id='line_1_21' title="bbox 182 1157 692 1197; baseline 0.004 -9"><span class='ocrx_word' id='word_1_56' title='bbox 182 1157 222 1189; x_wconf 91' lang='lat' dir='ltr'>A.</span> <span class='ocrx_word' id='word_1_57' title='bbox 247 1157 326 1197; x_wconf 90' lang='lat' dir='ltr'>Ave,</span> <span class='ocrx_word' id='word_1_58' title='bbox 352 1166 473 1197; x_wconf 86' lang='lat' dir='ltr'>gemma</span> <span class='ocrx_word' id='word_1_59' title='bbox 497 1159 692 1190; x_wconf 86' lang='lat' dir='ltr'>sacerdotum</span> 
     </span>
    </p>

    <p class='ocr_par' dir='ltr' id='par_1_6' title="bbox 294 1203 637 1247">
     <span class='ocr_line' id='line_1_22' title="bbox 294 1203 637 1247; baseline 0.009 -13"><span class='ocrx_word' id='word_1_60' title='bbox 294 1203 452 1235; x_wconf 88' lang='lat' dir='ltr'>Tullensis</span> <span class='ocrx_word' id='word_1_61' title='bbox 478 1205 637 1247; x_wconf 86' lang='lat' dir='ltr'>ecclesiae,</span> 
     </span>
    </p>

    <p class='ocr_par' dir='ltr' id='par_1_7' title="bbox 247 1250 766 1336">
     <span class='ocr_line' id='line_1_23' title="bbox 247 1250 766 1290; baseline 0.004 -10"><span class='ocrx_word' id='word_1_62' title='bbox 247 1250 383 1281; x_wconf 87' lang='lat' dir='ltr'>Ammon</span> <span class='ocrx_word' id='word_1_63' title='bbox 405 1258 516 1290; x_wconf 87' lang='lat' dir='ltr'>gerens</span> <span class='ocrx_word' id='word_1_64' title='bbox 543 1252 637 1283; x_wconf 90' lang='lat' dir='ltr'>corde</span> <span class='ocrx_word' id='word_1_65' title='bbox 660 1253 766 1282; x_wconf 87' lang='lat' dir='ltr'>votum</span> 
     </span>
     <span class='ocr_line' id='line_1_24' title="bbox 292 1295 638 1336; baseline 0.006 -9"><span class='ocrx_word' id='word_1_66' title='bbox 292 1296 344 1327; x_wconf 85' lang='lat' dir='ltr'>Ex</span> <span class='ocrx_word' id='word_1_67' title='bbox 367 1295 486 1327; x_wconf 83' lang='lat' dir='ltr'>influxu</span> <span class='ocrx_word' id='word_1_68' title='bbox 509 1298 638 1336; x_wconf 84' lang='lat' dir='ltr'>gratiae,</span> 
     </span>
    </p>

    <p class='ocr_par' dir='ltr' id='par_1_8' title="bbox 246 1342 726 1431">
     <span class='ocr_line' id='line_1_25' title="bbox 246 1342 726 1381; baseline 0.004 -9"><span class='ocrx_word' id='word_1_69' title='bbox 246 1342 405 1381; x_wconf 78' lang='lat' dir='ltr'>Quidquid</span> <span class='ocrx_word' id='word_1_70' title='bbox 430 1350 509 1379; x_wconf 88' lang='lat' dir='ltr'>eras,</span> <span class='ocrx_word' id='word_1_71' title='bbox 534 1343 602 1375; x_wconf 93' lang='lat' dir='ltr'>Deo</span> <span class='ocrx_word' id='word_1_72' title='bbox 626 1346 726 1375; x_wconf 89' lang='lat' dir='ltr'>totum</span> 
     </span>
     <span class='ocr_line' id='line_1_26' title="bbox 293 1387 606 1431; baseline 0.003 -12"><span class='ocrx_word' id='word_1_73' title='bbox 293 1387 432 1420; x_wconf 85' lang='lat' dir='ltr'>Offerens</span> <span class='ocrx_word' id='word_1_74' title='bbox 457 1390 606 1431; x_wconf 85' lang='lat' dir='ltr'>quotidie,</span> 
     </span>
    </p>

    <p class='ocr_par' dir='ltr' id='par_1_9' title="bbox 248 1433 713 1524">
     <span class='ocr_line' id='line_1_27' title="bbox 248 1433 713 1476; baseline 0.002 -11"><span class='ocrx_word' id='word_1_75' title='bbox 248 1433 357 1466; x_wconf 85' lang='lat' dir='ltr'>Cibum</span> <span class='ocrx_word' id='word_1_76' title='bbox 385 1435 473 1476; x_wconf 85' lang='lat' dir='ltr'>coeli,</span> <span class='ocrx_word' id='word_1_77' title='bbox 499 1436 582 1467; x_wconf 87' lang='lat' dir='ltr'>vitae</span> <span class='ocrx_word' id='word_1_78' title='bbox 605 1438 713 1475; x_wconf 86' lang='lat' dir='ltr'>potum</span> 
     </span>
     <span class='ocr_line' id='line_1_28' title="bbox 293 1480 635 1524; baseline 0.006 -12"><span class='ocrx_word' id='word_1_79' title='bbox 293 1480 463 1513; x_wconf 86' lang='lat' dir='ltr'>Conferens</span> <span class='ocrx_word' id='word_1_80' title='bbox 488 1480 635 1524; x_wconf 87' lang='lat' dir='ltr'>familiae,</span> 
     </span>
    </p>
   </div>
   <div class='ocr_carea' id='block_1_6' title="bbox 245 1527 793 1568">
    <p class='ocr_par' dir='ltr' id='par_1_10' title="bbox 245 1527 793 1568">
     <span class='ocr_line' id='line_1_29' title="bbox 245 1527 793 1568; baseline 0.005 -11"><span class='ocrx_word' id='word_1_81' title='bbox 245 1527 307 1558; x_wconf 86' lang='lat' dir='ltr'>Per</span> <span class='ocrx_word' id='word_1_82' title='bbox 330 1530 362 1558; x_wconf 89' lang='lat' dir='ltr'>te</span> <span class='ocrx_word' id='word_1_83' title='bbox 383 1530 503 1559; x_wconf 91' lang='lat' dir='ltr'>coetum</span> <span class='ocrx_word' id='word_1_84' title='bbox 520 1529 602 1559; x_wconf 90' lang='lat' dir='ltr'>hunc</span> <span class='ocrx_word' id='word_1_85' title='bbox 617 1531 793 1568; x_wconf 88' lang='lat' dir='ltr'>promotum</span> 
     </span>
    </p>
   </div>
   <div class='ocr_carea' id='block_1_7' title="bbox 289 1573 696 1675">
    <p class='ocr_par' dir='ltr' id='par_1_11' title="bbox 289 1573 696 1675">
     <span class='ocr_line' id='line_1_30' title="bbox 289 1573 696 1614; baseline 0.005 -10"><span class='ocrx_word' id='word_1_86' title='bbox 289 1573 360 1605; x_wconf 88' lang='lat' dir='ltr'>Duc</span> <span class='ocrx_word' id='word_1_87' title='bbox 384 1575 424 1606; x_wconf 87' lang='lat' dir='ltr'>ad</span> <span class='ocrx_word' id='word_1_88' title='bbox 450 1582 546 1613; x_wconf 83' lang='lat' dir='ltr'>regna</span> <span class='ocrx_word' id='word_1_89' title='bbox 569 1576 696 1614; x_wconf 88' lang='lat' dir='ltr'>gloriae.</span> 
     </span>
     <span class='ocr_line' id='line_1_31' title="bbox 335 1646 633 1675; baseline 0.007 -2"><span class='ocrx_word' id='word_1_90' title='bbox 335 1646 381 1673; x_wconf 85' lang='lat' dir='ltr'>Ad</span> <span class='ocrx_word' id='word_1_91' title='bbox 399 1647 484 1674; x_wconf 77' lang='lat' dir='ltr'>Nunc</span> <span class='ocrx_word' id='word_1_92' title='bbox 503 1647 633 1675; x_wconf 78' lang='lat' dir='ltr'>dimittis.</span> 
     </span>
    </p>
   </div>
   <div class='ocr_carea' id='block_1_8' title="bbox 175 1698 793 1739">
    <p class='ocr_par' dir='ltr' id='par_1_12' title="bbox 175 1698 793 1739">
     <span class='ocr_line' id='line_1_32' title="bbox 175 1698 793 1739; baseline 0.005 -10"><span class='ocrx_word' id='word_1_93' title='bbox 175 1698 216 1730; x_wconf 92' lang='lat' dir='ltr'>A.</span> <span class='ocrx_word' id='word_1_94' title='bbox 241 1698 325 1729; x_wconf 88' lang='lat' dir='ltr'>Dum</span> <span class='ocrx_word' id='word_1_95' title='bbox 348 1703 473 1731; x_wconf 89' lang='lat' dir='ltr'>sanctus</span> <span class='ocrx_word' id='word_1_96' title='bbox 495 1701 629 1732; x_wconf 88' lang='lat' dir='ltr'>Ammon</span> <span class='ocrx_word' id='word_1_97' title='bbox 652 1699 793 1739; x_wconf 78' lang='lat' dir='ltr'>praefuit</span> 
     </span>
    </p>
   </div>
   <div class='ocr_carea' id='block_1_9' title="bbox 241 1744 677 1966">
    <p class='ocr_par' dir='ltr' id='par_1_13' title="bbox 241 1744 664 1830">
     <span class='ocr_line' id='line_1_33' title="bbox 241 1744 639 1785; baseline 0.005 -10"><span class='ocrx_word' id='word_1_98' title='bbox 241 1744 406 1785; x_wconf 85' lang='lat' dir='ltr'>Leucanis,</span> <span class='ocrx_word' id='word_1_99' title='bbox 431 1745 502 1777; x_wconf 90' lang='lat' dir='ltr'>luce</span> <span class='ocrx_word' id='word_1_100' title='bbox 526 1747 639 1777; x_wconf 87' lang='lat' dir='ltr'>claruit</span> 
     </span>
     <span class='ocr_line' id='line_1_34' title="bbox 288 1791 664 1830; baseline 0.008 -9"><span class='ocrx_word' id='word_1_101' title='bbox 288 1791 455 1823; x_wconf 88' lang='lat' dir='ltr'>Mirandae</span> <span class='ocrx_word' id='word_1_102' title='bbox 479 1792 664 1830; x_wconf 83' lang='lat' dir='ltr'>sanctitatis,</span> 
     </span>
    </p>

    <p class='ocr_par' dir='ltr' id='par_1_14' title="bbox 245 1836 677 1875">
     <span class='ocr_line' id='line_1_35' title="bbox 245 1836 677 1875; baseline 0.002 -8"><span class='ocrx_word' id='word_1_103' title='bbox 245 1836 339 1874; x_wconf 82' lang='lat' dir='ltr'>Cujus</span> <span class='ocrx_word' id='word_1_104' title='bbox 363 1838 512 1867; x_wconf 83' lang='lat' dir='ltr'>virtutum</span> <span class='ocrx_word' id='word_1_105' title='bbox 536 1839 677 1875; x_wconf 82' lang='lat' dir='ltr'>praemia</span> 
     </span>
    </p>

    <p class='ocr_par' dir='ltr' id='par_1_15' title="bbox 241 1880 652 1966">
     <span class='ocr_line' id='line_1_36' title="bbox 241 1880 652 1920; baseline 0.007 -9"><span class='ocrx_word' id='word_1_106' title='bbox 241 1880 327 1912; x_wconf 86' lang='lat' dir='ltr'>Mira</span> <span class='ocrx_word' id='word_1_107' title='bbox 352 1882 487 1920; x_wconf 84' lang='lat' dir='ltr'>probant</span> <span class='ocrx_word' id='word_1_108' title='bbox 511 1882 652 1914; x_wconf 83' lang='lat' dir='ltr'>subsidia</span> 
     </span>
     <span class='ocr_line' id='line_1_37' title="bbox 287 1927 586 1966; baseline 0.003 -8"><span class='ocrx_word' id='word_1_109' title='bbox 287 1927 428 1959; x_wconf 87' lang='lat' dir='ltr'>Diffusae</span> <span class='ocrx_word' id='word_1_110' title='bbox 450 1927 586 1966; x_wconf 66' lang='lat' dir='ltr'>pietatis</span> 
     </span>
    </p>
   </div>
   <div class='ocr_carea' id='block_1_10' title="bbox 306 2030 654 2062">
    <p class='ocr_par' dir='ltr' id='par_1_16' title="bbox 306 2030 654 2062">
     <span class='ocr_line' id='line_1_38' title="bbox 306 2030 654 2062; baseline 0 0"><span class='ocrx_word' id='word_1_111' title='bbox 306 2031 366 2062; x_wconf 84' lang='lat' dir='ltr'>Ad</span> <span class='ocrx_word' id='word_1_112' title='bbox 390 2031 426 2062; x_wconf 84' lang='lat' dir='ltr'>M</span> <span class='ocrx_word' id='word_1_113' title='bbox 436 2030 654 2062; x_wconf 80' lang='lat' dir='ltr'>atutinum.</span> 
     </span>
    </p>
   </div>
   <div class='ocr_carea' id='block_1_11' title="bbox 371 2095 585 2122">
    <p class='ocr_par' dir='ltr' id='par_1_17' title="bbox 371 2095 585 2122">
     <span class='ocr_line' id='line_1_39' title="bbox 371 2095 585 2122; baseline -0.005 0"><span class='ocrx_word' id='word_1_114' title='bbox 371 2095 585 2122; x_wconf 81' lang='lat' dir='ltr'>Invitatorium.</span> 
     </span>
    </p>
   </div>
   <div class='ocr_carea' id='block_1_12' title="bbox 232 2152 728 2325">
    <p class='ocr_par' dir='ltr' id='par_1_18' title="bbox 235 2152 728 2237">
     <span class='ocr_line' id='line_1_40' title="bbox 235 2152 638 2192; baseline -0.005 -8"><span class='ocrx_word' id='word_1_115' title='bbox 235 2153 314 2192; x_wconf 86' lang='lat' dir='ltr'>Regi</span> <span class='ocrx_word' id='word_1_116' title='bbox 339 2161 446 2192; x_wconf 87' lang='lat' dir='ltr'>regum</span> <span class='ocrx_word' id='word_1_117' title='bbox 469 2152 638 2190; x_wconf 85' lang='lat' dir='ltr'>praeconia</span> 
     </span>
     <span class='ocr_line' id='line_1_41' title="bbox 280 2198 728 2237; baseline -0.004 -6"><span class='ocrx_word' id='word_1_118' title='bbox 280 2199 399 2231; x_wconf 85' lang='lat' dir='ltr'>Laudis</span> <span class='ocrx_word' id='word_1_119' title='bbox 426 2198 520 2237; x_wconf 87' lang='lat' dir='ltr'>digne</span> <span class='ocrx_word' id='word_1_120' title='bbox 544 2199 728 2237; x_wconf 84' lang='lat' dir='ltr'>reddantur,</span> 
     </span>
    </p>

    <p class='ocr_par' dir='ltr' id='par_1_19' title="bbox 232 2243 680 2325">
     <span class='ocr_line' id='line_1_42' title="bbox 232 2243 680 2278; baseline -0.004 -1"><span class='ocrx_word' id='word_1_121' title='bbox 232 2246 317 2278; x_wconf 87' lang='lat' dir='ltr'>Dum</span> <span class='ocrx_word' id='word_1_122' title='bbox 341 2245 504 2278; x_wconf 84' lang='lat' dir='ltr'>Ammonis</span> <span class='ocrx_word' id='word_1_123' title='bbox 528 2243 680 2276; x_wconf 85' lang='lat' dir='ltr'>solemnia</span> 
     </span>
     <span class='ocr_line' id='line_1_43' title="bbox 280 2291 634 2325; baseline 0 -1"><span class='ocrx_word' id='word_1_124' title='bbox 280 2293 402 2324; x_wconf 87' lang='lat' dir='ltr'>Devote</span> <span class='ocrx_word' id='word_1_125' title='bbox 427 2291 634 2325; x_wconf 82' lang='lat' dir='ltr'>celebrantur.</span> 
     </span>
    </p>
   </div>
   <div class='ocr_carea' id='block_1_13' title="bbox 221 2348 706 2376">
    <p class='ocr_par' dir='ltr' id='par_1_20' title="bbox 221 2348 706 2376">
     <span class='ocr_line' id='line_1_44' title="bbox 221 2348 706 2376; baseline -0.004 -3"><span class='ocrx_word' id='word_1_126' title='bbox 221 2351 345 2376; x_wconf 81' lang='lat' dir='ltr'>Dreves.</span> <span class='ocrx_word' id='word_1_127' title='bbox 361 2349 481 2372; x_wconf 80' lang='lat' dir='ltr'>Historiae</span> <span class='ocrx_word' id='word_1_128' title='bbox 494 2349 645 2376; x_wconf 76' lang='lat' dir='ltr'>rhythmicae.</span> <span class='ocrx_word' id='word_1_129' title='bbox 674 2348 706 2371; x_wconf 93' lang='grc' dir='ltr'>Π.</span> 
     </span>
    </p>
   </div>
   <div class='ocr_carea' id='block_1_14' title="bbox 824 92 961 127">
    <p class='ocr_par' dir='ltr' id='par_1_21' title="bbox 824 92 961 127">
     <span class='ocr_line' id='line_1_45' title="bbox 824 92 961 127; baseline 0.015 -1"><span class='ocrx_word' id='word_1_130' title='bbox 824 92 961 127; x_wconf 80' lang='lat'>33—</span> 
     </span>
    </p>
   </div>
   <div class='ocr_carea' id='block_1_15' title="bbox 997 186 1351 290">
    <p class='ocr_par' dir='ltr' id='par_1_22' title="bbox 997 186 1351 290">
     <span class='ocr_line' id='line_1_46' title="bbox 997 186 1351 220; baseline 0.003 -2"><span class='ocrx_word' id='word_1_131' title='bbox 997 187 1042 219; x_wconf 91' lang='lat' dir='ltr'>In</span> <span class='ocrx_word' id='word_1_132' title='bbox 1068 187 1099 220; x_wconf 85' lang='lat'>1.</span> <span class='ocrx_word' id='word_1_133' title='bbox 1125 186 1351 219; x_wconf 85' lang='lat' dir='ltr'>Nocturno.</span> 
     </span>
     <span class='ocr_line' id='line_1_47' title="bbox 1077 255 1268 290; baseline 0.005 -9"><span class='ocrx_word' id='word_1_134' title='bbox 1077 255 1268 290; x_wconf 82' lang='lat' dir='ltr'>Antiphonae.</span> 
     </span>
    </p>
   </div>
   <div class='ocr_carea' id='block_1_16' title="bbox 877 320 1338 490">
    <p class='ocr_par' dir='ltr' id='par_1_23' title="bbox 877 320 1338 490">
     <span class='ocr_line' id='line_1_48' title="bbox 877 320 1338 359; baseline -0.002 -9"><span class='ocrx_word' id='word_1_135' title='bbox 877 320 907 351; x_wconf 89' lang='lat'>1.</span> <span class='ocrx_word' id='word_1_136' title='bbox 933 321 1065 352; x_wconf 80' lang='lat' dir='ltr'>Ammon</span> <span class='ocrx_word' id='word_1_137' title='bbox 1089 321 1189 359; x_wconf 81' lang='lat' dir='ltr'>legem</span> <span class='ocrx_word' id='word_1_138' title='bbox 1212 320 1338 352; x_wconf 85' lang='lat' dir='ltr'>Domini</span> 
     </span>
     <span class='ocr_line' id='line_1_49' title="bbox 980 366 1251 398; baseline -0.004 0"><span class='ocrx_word' id='word_1_139' title='bbox 980 366 1106 398; x_wconf 83' lang='lat' dir='ltr'>Studuit</span> <span class='ocrx_word' id='word_1_140' title='bbox 1133 368 1251 397; x_wconf 85' lang='lat' dir='ltr'>attente</span> 
     </span>
     <span class='ocr_line' id='line_1_50' title="bbox 932 411 1294 444; baseline 0 -2"><span class='ocrx_word' id='word_1_141' title='bbox 932 411 1028 443; x_wconf 86' lang='lat' dir='ltr'>Sacro</span> <span class='ocrx_word' id='word_1_142' title='bbox 1054 421 1167 444; x_wconf 87' lang='lat' dir='ltr'>vacans</span> <span class='ocrx_word' id='word_1_143' title='bbox 1192 413 1294 443; x_wconf 88' lang='lat' dir='ltr'>ordini</span> 
     </span>
     <span class='ocr_line' id='line_1_51' title="bbox 977 457 1270 490; baseline 0.007 -2"><span class='ocrx_word' id='word_1_144' title='bbox 977 457 1110 489; x_wconf 83' lang='lat' dir='ltr'>Domino</span> <span class='ocrx_word' id='word_1_145' title='bbox 1135 457 1270 490; x_wconf 87' lang='lat' dir='ltr'>favente.</span> 
     </span>
    </p>
   </div>
   <div class='ocr_carea' id='block_1_17' title="bbox 873 529 1309 699">
    <p class='ocr_par' dir='ltr' id='par_1_24' title="bbox 873 529 1309 699">
     <span class='ocr_line' id='line_1_52' title="bbox 873 529 1303 569; baseline 0.002 -8"><span class='ocrx_word' id='word_1_146' title='bbox 873 531 904 561; x_wconf 83' lang='lat'>2.</span> <span class='ocrx_word' id='word_1_147' title='bbox 930 529 1031 569; x_wconf 81' lang='lat' dir='ltr'>Super</span> <span class='ocrx_word' id='word_1_148' title='bbox 1055 530 1130 562; x_wconf 87' lang='lat' dir='ltr'>Sion</span> <span class='ocrx_word' id='word_1_149' title='bbox 1154 532 1303 562; x_wconf 85' lang='lat' dir='ltr'>verticem</span> 
     </span>
     <span class='ocr_line' id='line_1_53' title="bbox 976 576 1301 608; baseline 0.003 -1"><span class='ocrx_word' id='word_1_150' title='bbox 976 576 1093 608; x_wconf 86' lang='lat' dir='ltr'>Rector</span> <span class='ocrx_word' id='word_1_151' title='bbox 1118 577 1301 608; x_wconf 86' lang='lat' dir='ltr'>constitutus</span> 
     </span>
     <span class='ocr_line' id='line_1_54' title="bbox 930 621 1309 661; baseline 0.003 -9"><span class='ocrx_word' id='word_1_152' title='bbox 930 621 1059 653; x_wconf 85' lang='lat' dir='ltr'>Nullum</span> <span class='ocrx_word' id='word_1_153' title='bbox 1086 622 1164 661; x_wconf 84' lang='lat' dir='ltr'>legis</span> <span class='ocrx_word' id='word_1_154' title='bbox 1189 623 1309 661; x_wconf 88' lang='lat' dir='ltr'>apicem</span> 
     </span>
     <span class='ocr_line' id='line_1_55' title="bbox 974 667 1291 699; baseline 0.003 -1"><span class='ocrx_word' id='word_1_155' title='bbox 974 667 1075 698; x_wconf 84' lang='lat' dir='ltr'>Solvit</span> <span class='ocrx_word' id='word_1_156' title='bbox 1099 668 1149 698; x_wconf 90' lang='lat' dir='ltr'>vir</span> <span class='ocrx_word' id='word_1_157' title='bbox 1173 668 1291 699; x_wconf 84' lang='lat' dir='ltr'>beatus.</span> 
     </span>
    </p>
   </div>
   <div class='ocr_carea' id='block_1_18' title="bbox 869 738 1313 915">
    <p class='ocr_par' dir='ltr' id='par_1_25' title="bbox 869 738 1313 868">
     <span class='ocr_line' id='line_1_56' title="bbox 869 738 1252 770; baseline -0.003 0"><span class='ocrx_word' id='word_1_158' title='bbox 869 740 900 770; x_wconf 83' lang='lat'>3.</span> <span class='ocrx_word' id='word_1_159' title='bbox 927 738 1073 769; x_wconf 86' lang='lat' dir='ltr'>Invasum</span> <span class='ocrx_word' id='word_1_160' title='bbox 1096 738 1252 769; x_wconf 88' lang='lat' dir='ltr'>hostiliter</span> 
     </span>
     <span class='ocr_line' id='line_1_57' title="bbox 973 783 1296 823; baseline 0.003 -9"><span class='ocrx_word' id='word_1_161' title='bbox 973 783 1124 815; x_wconf 86' lang='lat' dir='ltr'>Dominus</span> <span class='ocrx_word' id='word_1_162' title='bbox 1150 785 1296 823; x_wconf 86' lang='lat' dir='ltr'>suscepit,</span> 
     </span>
     <span class='ocr_line' id='line_1_58' title="bbox 927 829 1313 868; baseline -0.003 -7"><span class='ocrx_word' id='word_1_163' title='bbox 927 829 1021 868; x_wconf 82' lang='lat' dir='ltr'>Cujus</span> <span class='ocrx_word' id='word_1_164' title='bbox 1045 838 1152 862; x_wconf 88' lang='lat' dir='ltr'>vocem</span> <span class='ocrx_word' id='word_1_165' title='bbox 1180 830 1313 861; x_wconf 86' lang='lat' dir='ltr'>dulciter</span> 
     </span>
    </p>

    <p class='ocr_par' dir='ltr' id='par_1_26' title="bbox 970 876 1268 915">
     <span class='ocr_line' id='line_1_59' title="bbox 970 876 1268 915; baseline 0.003 -8"><span class='ocrx_word' id='word_1_166' title='bbox 970 876 1111 907; x_wconf 86' lang='lat' dir='ltr'>Audiens</span> <span class='ocrx_word' id='word_1_167' title='bbox 1135 877 1268 915; x_wconf 85' lang='lat' dir='ltr'>excepit.</span> 
     </span>
    </p>
   </div>
   <div class='ocr_carea' id='block_1_19' title="bbox 1061 971 1265 1006">
    <p class='ocr_par' dir='ltr' id='par_1_27' title="bbox 1061 971 1265 1006">
     <span class='ocr_line' id='line_1_60' title="bbox 1061 971 1265 1006; baseline 0 -8"><span class='ocrx_word' id='word_1_168' title='bbox 1061 971 1265 1006; x_wconf 79' lang='lat' dir='ltr'>Rosponsoria.</span> 
     </span>
    </p>
   </div>
   <div class='ocr_carea' id='block_1_20' title="bbox 853 1037 1415 1440">
    <p class='ocr_par' dir='ltr' id='par_1_28' title="bbox 853 1037 1415 1440">
     <span class='ocr_line' id='line_1_61' title="bbox 866 1037 1413 1080; baseline 0.002 -11"><span class='ocrx_word' id='word_1_169' title='bbox 866 1037 897 1069; x_wconf 88' lang='lat'>1.</span> <span class='ocrx_word' id='word_1_170' title='bbox 922 1037 1017 1077; x_wconf 90' lang='lat' dir='ltr'>Laus,</span> <span class='ocrx_word' id='word_1_171' title='bbox 1043 1038 1151 1076; x_wconf 87' lang='lat' dir='ltr'>honor,</span> <span class='ocrx_word' id='word_1_172' title='bbox 1177 1038 1286 1080; x_wconf 88' lang='lat' dir='ltr'>virtus,</span> <span class='ocrx_word' id='word_1_173' title='bbox 1313 1038 1413 1077; x_wconf 70' lang='lat' dir='ltr'>glori..</span> 
     </span>
     <span class='ocr_line' id='line_1_62' title="bbox 968 1083 1334 1124; baseline 0.005 -10"><span class='ocrx_word' id='word_1_174' title='bbox 968 1083 1017 1115; x_wconf 89' lang='lat' dir='ltr'>Sit</span> <span class='ocrx_word' id='word_1_175' title='bbox 1038 1083 1106 1122; x_wconf 86' lang='lat' dir='ltr'>regi</span> <span class='ocrx_word' id='word_1_176' title='bbox 1130 1086 1334 1124; x_wconf 88' lang='lat' dir='ltr'>saeculorum,</span> 
     </span>
     <span class='ocr_line' id='line_1_63' title="bbox 920 1129 1335 1171; baseline 0.002 -10"><span class='ocrx_word' id='word_1_177' title='bbox 920 1129 1003 1161; x_wconf 90' lang='lat' dir='ltr'>Dum</span> <span class='ocrx_word' id='word_1_178' title='bbox 1028 1131 1177 1162; x_wconf 83' lang='lat' dir='ltr'>virtutum</span> <span class='ocrx_word' id='word_1_179' title='bbox 1200 1131 1335 1171; x_wconf 81' lang='lat' dir='ltr'>insignia</span> 
     </span>
     <span class='ocr_line' id='line_1_64' title="bbox 967 1176 1301 1209; baseline 0 -1"><span class='ocrx_word' id='word_1_180' title='bbox 967 1176 1153 1208; x_wconf 82' lang='lat' dir='ltr'>Pontificum</span> <span class='ocrx_word' id='word_1_181' title='bbox 1176 1186 1301 1209; x_wconf 83' lang='lat' dir='ltr'>suorum</span> 
     </span>
     <span class='ocr_line' id='line_1_65' title="bbox 920 1222 1301 1255; baseline 0.005 -2"><span class='ocrx_word' id='word_1_182' title='bbox 920 1222 1010 1253; x_wconf 88' lang='lat' dir='ltr'>Haec</span> <span class='ocrx_word' id='word_1_183' title='bbox 1033 1223 1145 1254; x_wconf 86' lang='lat' dir='ltr'>recolit</span> <span class='ocrx_word' id='word_1_184' title='bbox 1169 1224 1301 1255; x_wconf 85' lang='lat' dir='ltr'>ecclesia</span> 
     </span>
     <span class='ocr_line' id='line_1_66' title="bbox 969 1268 1352 1310; baseline 0.005 -10"><span class='ocrx_word' id='word_1_185' title='bbox 969 1268 1126 1300; x_wconf 84' lang='lat' dir='ltr'>Concentu</span> <span class='ocrx_word' id='word_1_186' title='bbox 1150 1270 1352 1310; x_wconf 83' lang='lat' dir='ltr'>gaudiorum3</span> 
     </span>
     <span class='ocr_line' id='line_1_67' title="bbox 853 1314 1415 1355; baseline 0.005 -10"><span class='ocrx_word' id='word_1_187' title='bbox 853 1314 891 1345; x_wconf 87' lang='lat' dir='ltr'>V.</span> <span class='ocrx_word' id='word_1_188' title='bbox 916 1314 967 1346; x_wconf 90' lang='lat' dir='ltr'>Ex</span> <span class='ocrx_word' id='word_1_189' title='bbox 991 1315 1040 1346; x_wconf 93' lang='lat' dir='ltr'>his</span> <span class='ocrx_word' id='word_1_190' title='bbox 1064 1316 1198 1347; x_wconf 89' lang='lat' dir='ltr'>Ammon</span> <span class='ocrx_word' id='word_1_191' title='bbox 1224 1325 1292 1347; x_wconf 89' lang='lat' dir='ltr'>curn</span> <span class='ocrx_word' id='word_1_192' title='bbox 1316 1317 1415 1355; x_wconf 86' lang='lat' dir='ltr'>gloria</span> 
     </span>
     <span class='ocr_line' id='line_1_68' title="bbox 918 1361 1295 1394; baseline 0.005 -3"><span class='ocrx_word' id='word_1_193' title='bbox 918 1361 1058 1392; x_wconf 87' lang='lat' dir='ltr'>Transiit</span> <span class='ocrx_word' id='word_1_194' title='bbox 1082 1362 1122 1392; x_wconf 87' lang='lat' dir='ltr'>ad</span> <span class='ocrx_word' id='word_1_195' title='bbox 1147 1362 1295 1394; x_wconf 79' lang='lat' dir='ltr'>coelestia</span> 
     </span>
     <span class='ocr_line' id='line_1_69' title="bbox 964 1407 1302 1440; baseline 0.003 -1"><span class='ocrx_word' id='word_1_196' title='bbox 964 1407 1090 1439; x_wconf 80' lang='lat' dir='ltr'>Virtute</span> <span class='ocrx_word' id='word_1_197' title='bbox 1113 1409 1302 1440; x_wconf 86' lang='lat' dir='ltr'>meritorum.</span> 
     </span>
    </p>
   </div>
   <div class='ocr_carea' id='block_1_21' title="bbox 847 1480 1402 1888">
    <p class='ocr_par' dir='ltr' id='par_1_29' title="bbox 847 1480 1402 1888">
     <span class='ocr_line' id='line_1_70' title="bbox 860 1480 1286 1521; baseline 0.002 -9"><span class='ocrx_word' id='word_1_198' title='bbox 860 1482 890 1513; x_wconf 80' lang='lat'>2.</span> <span class='ocrx_word' id='word_1_199' title='bbox 916 1480 1008 1513; x_wconf 89' lang='lat' dir='ltr'>Fidei</span> <span class='ocrx_word' id='word_1_200' title='bbox 1033 1490 1143 1521; x_wconf 84' lang='lat' dir='ltr'>sparso</span> <span class='ocrx_word' id='word_1_201' title='bbox 1168 1482 1286 1513; x_wconf 89' lang='lat' dir='ltr'>semine</span> 
     </span>
     <span class='ocr_line' id='line_1_71' title="bbox 961 1528 1358 1560; baseline 0.003 -1"><span class='ocrx_word' id='word_1_202' title='bbox 961 1528 1024 1559; x_wconf 89' lang='lat' dir='ltr'>Per</span> <span class='ocrx_word' id='word_1_203' title='bbox 1047 1528 1177 1560; x_wconf 85' lang='lat' dir='ltr'>verbum</span> <span class='ocrx_word' id='word_1_204' title='bbox 1199 1529 1358 1560; x_wconf 83' lang='lat' dir='ltr'>Mansueti</span> 
     </span>
     <span class='ocr_line' id='line_1_72' title="bbox 915 1574 1315 1607; baseline 0.005 -2"><span class='ocrx_word' id='word_1_205' title='bbox 915 1574 1053 1605; x_wconf 88' lang='lat' dir='ltr'>Leucani</span> <span class='ocrx_word' id='word_1_206' title='bbox 1077 1583 1166 1605; x_wconf 88' lang='lat' dir='ltr'>sacro</span> <span class='ocrx_word' id='word_1_207' title='bbox 1190 1574 1315 1607; x_wconf 84' lang='lat' dir='ltr'>flamine</span> 
     </span>
     <span class='ocr_line' id='line_1_73' title="bbox 962 1620 1315 1660; baseline 0.006 -9"><span class='ocrx_word' id='word_1_208' title='bbox 962 1620 1113 1660; x_wconf 82' lang='lat' dir='ltr'>Suscepto</span> <span class='ocrx_word' id='word_1_209' title='bbox 1137 1620 1217 1652; x_wconf 86' lang='lat' dir='ltr'>fiunt</span> <span class='ocrx_word' id='word_1_210' title='bbox 1238 1622 1315 1653; x_wconf 82' lang='lat' dir='ltr'>laeti</span> 
     </span>
     <span class='ocr_line' id='line_1_74' title="bbox 914 1665 1402 1706; baseline 0.006 -9"><span class='ocrx_word' id='word_1_211' title='bbox 914 1665 1064 1706; x_wconf 84' lang='lat' dir='ltr'>Novoque</span> <span class='ocrx_word' id='word_1_212' title='bbox 1087 1667 1242 1705; x_wconf 82' lang='lat' dir='ltr'>plaudunt,</span> <span class='ocrx_word' id='word_1_213' title='bbox 1267 1668 1402 1700; x_wconf 81' lang='lat' dir='ltr'>carmine</span> 
     </span>
     <span class='ocr_line' id='line_1_75' title="bbox 961 1713 1285 1752; baseline 0.009 -9"><span class='ocrx_word' id='word_1_214' title='bbox 961 1713 1031 1743; x_wconf 87' lang='lat' dir='ltr'>Tali</span> <span class='ocrx_word' id='word_1_215' title='bbox 1057 1713 1137 1744; x_wconf 88' lang='lat' dir='ltr'>dono</span> <span class='ocrx_word' id='word_1_216' title='bbox 1162 1714 1285 1752; x_wconf 87' lang='lat' dir='ltr'>repleti.</span> 
     </span>
     <span class='ocr_line' id='line_1_76' title="bbox 847 1757 1395 1790; baseline 0.007 -4"><span class='ocrx_word' id='word_1_217' title='bbox 847 1757 884 1787; x_wconf 89' lang='lat' dir='ltr'>V.</span> <span class='ocrx_word' id='word_1_218' title='bbox 910 1758 993 1789; x_wconf 85' lang='lat' dir='ltr'>Huic</span> <span class='ocrx_word' id='word_1_219' title='bbox 1016 1761 1149 1790; x_wconf 90' lang='lat' dir='ltr'>Ammon</span> <span class='ocrx_word' id='word_1_220' title='bbox 1175 1760 1242 1790; x_wconf 91' lang='lat' dir='ltr'>sine</span> <span class='ocrx_word' id='word_1_221' title='bbox 1267 1760 1395 1790; x_wconf 87' lang='lat' dir='ltr'>crimine</span> 
     </span>
     <span class='ocr_line' id='line_1_77' title="bbox 912 1803 1298 1843; baseline 0.005 -9"><span class='ocrx_word' id='word_1_222' title='bbox 912 1803 1070 1835; x_wconf 84' lang='lat' dir='ltr'>Successit</span> <span class='ocrx_word' id='word_1_223' title='bbox 1090 1805 1123 1834; x_wconf 91' lang='lat' dir='ltr'>in</span> <span class='ocrx_word' id='word_1_224' title='bbox 1147 1805 1298 1843; x_wconf 82' lang='lat' dir='ltr'>regimine</span> 
     </span>
     <span class='ocr_line' id='line_1_78' title="bbox 961 1850 1296 1888; baseline 0.006 -7"><span class='ocrx_word' id='word_1_225' title='bbox 961 1850 1145 1881; x_wconf 80' lang='lat' dir='ltr'>certaminis</span> <span class='ocrx_word' id='word_1_226' title='bbox 1171 1851 1296 1888; x_wconf 82' lang='lat' dir='ltr'>expleti.</span> 
     </span>
    </p>
   </div>
   <div class='ocr_carea' id='block_1_22' title="bbox 842 1922 1428 2334">
    <p class='ocr_par' dir='ltr' id='par_1_30' title="bbox 842 1922 1428 2334">
     <span class='ocr_line' id='line_1_79' title="bbox 856 1922 1428 1960; baseline 0.003 -6"><span class='ocrx_word' id='word_1_227' title='bbox 856 1922 886 1954; x_wconf 81' lang='lat'>3.</span> <span class='ocrx_word' id='word_1_228' title='bbox 912 1922 1080 1960; x_wconf 87' lang='lat' dir='ltr'>Postquam</span> <span class='ocrx_word' id='word_1_229' title='bbox 1103 1922 1212 1953; x_wconf 90' lang='lat' dir='ltr'>urbem</span> <span class='ocrx_word' id='word_1_230' title='bbox 1237 1923 1428 1957; x_wconf 83' lang='lat' dir='ltr'>Tullensium</span> 
     </span>
     <span class='ocr_line' id='line_1_80' title="bbox 956 1967 1300 2008; baseline 0.009 -10"><span class='ocrx_word' id='word_1_231' title='bbox 956 1967 1089 2000; x_wconf 89' lang='lat' dir='ltr'>Domino</span> <span class='ocrx_word' id='word_1_232' title='bbox 1114 1970 1300 2008; x_wconf 84' lang='lat' dir='ltr'>conquisivit</span> 
     </span>
     <span class='ocr_line' id='line_1_81' title="bbox 910 2014 1322 2052; baseline 0.012 -9"><span class='ocrx_word' id='word_1_233' title='bbox 910 2014 1013 2052; x_wconf 87' lang='lat' dir='ltr'>Atque</span> <span class='ocrx_word' id='word_1_234' title='bbox 1037 2014 1159 2046; x_wconf 86' lang='lat' dir='ltr'>turbam</span> <span class='ocrx_word' id='word_1_235' title='bbox 1183 2015 1322 2048; x_wconf 87' lang='lat' dir='ltr'>fidelium</span> 
     </span>
     <span class='ocr_line' id='line_1_82' title="bbox 956 2059 1282 2100; baseline 0.009 -9"><span class='ocrx_word' id='word_1_236' title='bbox 956 2059 1099 2092; x_wconf 88' lang='lat' dir='ltr'>Dulciter</span> <span class='ocrx_word' id='word_1_237' title='bbox 1123 2063 1282 2100; x_wconf 86' lang='lat' dir='ltr'>enutrivit,</span> 
     </span>
     <span class='ocr_line' id='line_1_83' title="bbox 910 2106 1375 2141; baseline 0.011 -5"><span class='ocrx_word' id='word_1_238' title='bbox 910 2106 1041 2138; x_wconf 83' lang='lat' dir='ltr'>Praesul</span> <span class='ocrx_word' id='word_1_239' title='bbox 1065 2108 1105 2139; x_wconf 88' lang='lat' dir='ltr'>ad</span> <span class='ocrx_word' id='word_1_240' title='bbox 1132 2109 1209 2139; x_wconf 89' lang='lat' dir='ltr'>coeli</span> <span class='ocrx_word' id='word_1_241' title='bbox 1234 2109 1375 2141; x_wconf 84' lang='lat' dir='ltr'>bravium</span> 
     </span>
     <span class='ocr_line' id='line_1_84' title="bbox 954 2153 1314 2188; baseline 0.008 -5"><span class='ocrx_word' id='word_1_242' title='bbox 954 2153 1135 2185; x_wconf 85' lang='lat' dir='ltr'>Mansuetus</span> <span class='ocrx_word' id='word_1_243' title='bbox 1159 2157 1314 2188; x_wconf 86' lang='lat' dir='ltr'>transivit.</span> 
     </span>
     <span class='ocr_line' id='line_1_85' title="bbox 842 2197 1411 2239; baseline 0.009 -9"><span class='ocrx_word' id='word_1_244' title='bbox 842 2197 878 2230; x_wconf 91' lang='lat' dir='ltr'>V.</span> <span class='ocrx_word' id='word_1_245' title='bbox 904 2197 997 2229; x_wconf 88' lang='lat' dir='ltr'>Hunc</span> <span class='ocrx_word' id='word_1_246' title='bbox 1020 2200 1104 2238; x_wconf 89' lang='lat' dir='ltr'>pium</span> <span class='ocrx_word' id='word_1_247' title='bbox 1131 2204 1250 2239; x_wconf 86' lang='lat' dir='ltr'>patrem</span> <span class='ocrx_word' id='word_1_248' title='bbox 1276 2203 1411 2234; x_wconf 84' lang='lat' dir='ltr'>omnium</span> 
     </span>
     <span class='ocr_line' id='line_1_86' title="bbox 907 2245 1319 2285; baseline 0.015 -10"><span class='ocrx_word' id='word_1_249' title='bbox 907 2245 1039 2276; x_wconf 86' lang='lat' dir='ltr'>Ammon</span> <span class='ocrx_word' id='word_1_250' title='bbox 1064 2255 1157 2285; x_wconf 84' lang='lat' dir='ltr'>agens</span> <span class='ocrx_word' id='word_1_251' title='bbox 1181 2248 1319 2280; x_wconf 78' lang='lat' dir='ltr'>officium</span> 
     </span>
     <span class='ocr_line' id='line_1_87' title="bbox 954 2290 1289 2334; baseline 0.015 -11"><span class='ocrx_word' id='word_1_252' title='bbox 954 2290 1112 2333; x_wconf 84' lang='lat' dir='ltr'>Condigne</span> <span class='ocrx_word' id='word_1_253' title='bbox 1136 2296 1289 2334; x_wconf 87' lang='lat' dir='ltr'>sepelivit.</span> 
     </span>
    </p>
   </div>
  </div>
 </body>
</html>
