1674 2492
631 52 884 86 —211—

147 169 154 177 .
180 144 238 184 Qui
263 153 354 176 cruce
378 145 481 177 vicisti

231 191 401 233 victorque,
426 191 521 235 Deus,
547 192 680 224 rediisti.

247 330 293 361 In
319 331 349 362 3.
375 329 601 365 Nocturno.

325 403 370 431 Ad
390 403 518 432 Cantica.

149 485 157 493 .
184 461 418 500 Complantatus
442 462 531 501 aquis

230 506 355 548 florens,
382 508 534 547 oswalde,
560 508 699 549 virescis,

185 553 242 586 Cui
265 563 338 586 rosa
359 555 553 596 martyrium,

229 600 297 632 lilia
324 601 399 632 dant
422 601 593 633 lavacrum.

323 706 526 741 Responsoria.

153 795 159 801 .
185 771 239 803 Ad
262 773 379 803 tactum
403 772 514 811 crucis,
537 772 571 803 in
593 780 655 811 qua

184 818 252 849 Rex
277 818 438 850 oswaldus
462 818 673 859 triumphavit,

185 864 260 895 Sola
283 863 361 895 fides
386 863 513 895 additur

185 910 228 942 Et
251 910 374 942 medela
398 910 500 950 aegris
525 910 678 949 redditur,

148 980 155 988 ,
181 957 247 988 Aut
271 965 351 996 aqua
373 959 508 999 potatur,

230 1005 262 1033 et
286 1003 405 1034 coelica
428 1004 476 1035 vis
501 1004 688 1036 dominatur.

151 1092 159 1099 .
185 1068 324 1100 Paschae
349 1068 400 1099 die
424 1077 480 1099 rex
505 1069 710 1100 esurientibus

186 1114 315 1145 Discum
340 1117 519 1153 argenteum

233 1160 347 1192 dividit
369 1161 572 1201 pauperibus,

189 1207 308 1238 Reddit
329 1207 472 1239 Aidanus

232 1253 491 1292 benedictionem,

182 1301 268 1339 Quae
291 1302 452 1339 permanet
475 1299 508 1330 iu
528 1300 610 1330 hunc
627 1299 728 1330 diem:

150 1373 156 1379 .
182 1346 347 1385 Nunquam
371 1348 543 1377 marcescat

228 1401 338 1424 manus
361 1393 424 1424 ista
439 1401 499 1424 nec
512 1393 729 1424 inveterescat.

151 1487 160 1497 .
185 1461 392 1494 Pontificante

229 1512 336 1540 sancto
360 1517 444 1548 papa
467 1508 606 1540 Honorio

183 1554 228 1586 Et
254 1555 416 1587 adnitente

227 1601 334 1633 Biriuo
360 1602 506 1642 episcopo

182 1648 249 1680 Rex
275 1647 449 1689 Cynigilfus

230 1693 325 1727 fidem
348 1694 465 1727 Christi
487 1695 634 1735 suscipit,

181 1741 342 1773 oswaldus
368 1750 435 1772 eum

231 1787 270 1819 de
293 1788 419 1819 lavacro
444 1788 577 1827 excipit3

146 1860 153 1866 .
181 1833 322 1866 Christus
347 1835 507 1873 adoratur,

229 1889 285 1912 rex
310 1882 341 1912 ct
364 1889 420 1913 sua
445 1881 537 1912 turba
560 1883 701 1914 novatur.

148 1976 156 1984 .
182 1951 313 1983 Athleta
335 1950 396 1982 Dei
421 1951 591 1993 Oswaldus,

184 1997 341 2037 Sanguine
364 2006 420 2029 suo
443 1997 642 2037 laureandus,

182 2045 423 2085 Ingravescente
446 2045 566 2084 proelio

182 2091 222 2123 Se
246 2100 379 2131 suosque
396 2091 561 2123 committit
576 2091 727 2130 Domino;

182 2138 323 2179 Regnum
347 2140 457 2179 mutat,
481 2147 545 2170 non
570 2139 698 2178 deponit

182 2185 225 2217 Et
248 2185 278 2217 in
305 2185 374 2218 sinu
399 2186 518 2217 aeterni
542 2186 625 2225 regis

179 2233 248 2265 Rex
273 2236 305 2264 et.
327 2235 449 2273 martyr
473 2233 625 2265 reclinato

179 2279 289 2320 Capite
313 2280 482 2313 obdormit.

783 147 820 182 V.
846 148 960 179 Fessus
985 148 1015 177 et
1040 145 1194 187 emeritus,

794 1356 825 1387 ‘CT

784 2233 823 2264 A.

896 192 981 225 felici
1003 192 1065 225 fine
1087 192 1214 232 potitus,

849 241 915 272 Pax
937 240 992 271 ubi
1015 248 1091 272 vera
1114 238 1216 278 datur,

894 286 936 319 ad
960 287 1075 318 coelica
1098 294 1193 325 regna
1217 286 1353 318 vocatur.

962 410 990 440 A
1001 408 1021 439 d
1044 407 1072 439 L
1081 416 1100 438 a
1107 417 1128 439 u
1139 406 1157 438 d
1169 416 1185 438 e
1193 416 1217 439 s.

992 480 1182 516 Antiphonae.

817 562 826 570 .
852 537 927 570 Cum
951 545 1044 577 prece
1068 546 1124 569 rex
1146 538 1269 579 migrat,

898 593 957 624 qua
978 592 1013 616 se
1036 584 1148 615 tellure
1171 583 1312 622 reclinat,

850 630 954 669 Larga
977 631 1060 662 salus
1083 633 1191 662 manat

894 679 926 708 ct
948 677 1095 716 languida
1120 685 1250 716 corpora
1273 678 1373 708 sanat.

850 742 942 773 Miles
966 741 1107 783 miratur,

896 796 990 827 equus
1016 789 1080 827 ejus
1107 788 1178 819 dum
1200 788 1383 826 medicatur,

851 834 1000 873 Postulat,
1027 833 1154 865 affertur

897 881 1079 921 paralytica,
1110 889 1182 912 iana
1205 878 1349 912 refertur.

819 970 825 976 .
850 945 996 977 Herbida
1018 948 1104 977 terra
1127 945 1217 986 viret,

896 992 985 1024 Brito
1011 992 1050 1023 de
1074 992 1201 1030 pulvere
1218 991 1376 1035 transfert,

848 1037 989 1070 Flamma
1014 1038 1136 1069 domum
1159 1038 1278 1078 lambit,

895 1093 1018 1116 sacrum
1042 1084 1122 1124 fugit
1137 1085 1217 1124 ignis
1234 1088 1266 1116 et
1279 1085 1387 1117 ambit.

852 1149 1026 1189 Suscipitur
1051 1150 1136 1182 clara

897 1197 1040 1228 meritum
1063 1199 1198 1228 testante
1222 1197 1373 1237 columba,

851 1244 946 1275 Pulsa
971 1241 1050 1282 fugit
1072 1243 1181 1282 pestis,

896 1288 1000 1320 fremit
1009 1289 1129 1329 hospes,
1145 1290 1274 1328 pellitur
1282 1290 1390 1321 hostis.

851 1355 954 1393 Aeger
977 1357 1012 1385 ut
1034 1355 1166 1393 accedit,

897 1400 993 1431 febris
1017 1400 1129 1432 anhela
1152 1401 1281 1441 recedit,

850 1447 955 1478 Poscit
978 1455 1067 1485 opem
1091 1447 1236 1486 moriens,

897 1493 1057 1526 oswaldus
1075 1494 1165 1525 adest
1176 1494 1235 1525 sibi
1250 1495 1391 1526 clemens.

970 1585 1014 1613 Ad
1033 1586 1213 1613 Benedictus.

847 1651 901 1685 Sol
925 1653 1026 1684 oriens
1050 1660 1108 1684 nec
1133 1651 1278 1684 deficiens

899 1699 938 1730 de
960 1699 1089 1738 virgine,
1114 1699 1206 1731 stella

849 1744 999 1786 Luciflua,
1024 1746 1141 1784 pietate
1165 1754 1221 1777 sua

895 1795 936 1831 te,
962 1794 1078 1832 sancte,
1106 1796 1241 1824 coronat.

848 1838 918 1870 Rex
942 1838 1084 1879 celebris,
1108 1847 1166 1870 nos
1192 1840 1233 1871 de
1255 1839 1394 1871 tenebris

896 1885 1023 1917 absolve
1047 1889 1163 1923 reatus,

849 1931 935 1964 Luce
963 1931 1050 1971 cluis,
1075 1932 1130 1964 lux
1156 1935 1220 1964 esto
1243 1934 1315 1974 tuis,

897 1978 1048 2019 Oswalde,
1074 1982 1209 2019 rogatus.

920 2100 965 2132 In
991 2102 1020 2133 2.
1047 2102 1257 2141 vesperis,

968 2174 1013 2202 Ad
1032 2175 1206 2211 Magnificat.

849 2232 905 2273 Te,
931 2232 1063 2276 Christe,
1089 2242 1145 2267 rex
1171 2236 1335 2275 coelorum,

848 2279 1032 2320 Magnificet
1055 2290 1115 2314 vox
1139 2283 1330 2323 angelorum,

1167 2336 1223 2365 14*
