1679 2491
759 99 988 133 —75-

243 191 273 221 3.
299 189 378 227 Ejus
404 191 491 222 cordi
517 191 606 223 viluit

344 235 483 268 Mundus
507 238 560 269 hic
581 237 768 278 immundus,

301 280 458 314 Christum
479 287 583 315 mente
606 284 717 324 induit,

344 328 403 367 Qui
427 331 476 360 est
499 339 577 369 pure
599 331 743 363 mundus.

242 393 272 424 4.
301 394 421 431 Quanto
445 402 515 425 sese
540 395 734 434 deprimebat

344 438 482 471 Humilis
506 441 664 480 nobilitas,

302 484 402 516 Tanto
426 487 524 526 magis
549 487 691 519 elucebat

347 530 470 563 Nobilis
494 533 663 565 humilitas.

245 596 276 626 5.
302 595 400 628 Plura
423 597 492 629 loca
517 598 605 630 dotat
627 601 744 637 sancta,

347 642 435 673 Inter
458 652 536 682 quae
559 644 774 685 praecipuum,

303 687 362 720 Cui
386 688 483 719 donat
504 698 540 720 se
561 690 596 721 in
618 692 717 729 tanta,

347 734 445 765 Vetus
468 735 699 767 monasterium.

246 799 276 830 6.
302 798 386 830 Baro
410 806 538 837 magnus
562 799 595 830 in
618 799 700 830 hanc
722 803 827 832 votum

301 842 398 876 Offert
421 852 455 875 se
480 847 508 875 et
534 854 590 877 sua
613 847 722 887 totum,

346 889 435 920 Nihil
458 889 557 922 flectit
579 892 660 922 hanc
680 892 821 934 invitam,

346 935 455 967 Donec
470 937 569 975 patris
583 945 650 968 sors
664 936 727 969 fert
739 939 843 972 vitam.

439 1027 643 1062 Responsoria.

244 1093 275 1125 1.
301 1092 449 1124 Bilhildis
475 1094 569 1133 clara,
594 1093 718 1134 nobilis,

301 1137 382 1170 Tota
403 1138 457 1169 lux
481 1139 672 1179 spectabilis,

303 1184 397 1223 Cujus
420 1193 502 1224 caro,
530 1194 584 1217 cor
608 1188 640 1216 et
663 1187 728 1218 vita

300 1231 339 1262 In
365 1238 494 1261 excessu
516 1231 680 1271 exquisita,

235 1276 273 1308 V.
302 1276 439 1308 Pulchra
461 1277 553 1308 nimis
579 1279 610 1308 et
634 1277 756 1318 decora,

303 1321 397 1353 Salva
419 1325 488 1353 tuos
513 1323 580 1354 sine
603 1332 699 1355 mora.

244 1389 274 1418 2.
300 1385 389 1418 Haec
413 1389 460 1417 est
482 1387 547 1427 illa,
574 1396 665 1427 quam
683 1388 803 1427 figavit

299 1433 384 1464 Fons
411 1432 544 1472 divinus,
572 1434 643 1464 dum
667 1433 813 1472 perflavit

301 1479 417 1510 Auster
441 1478 565 1510 hortum
588 1479 726 1519 pietatis,

301 1525 394 1563 Rosa,
417 1525 513 1564 junge
537 1535 593 1557 nos
617 1525 735 1565 beatis3

235 1572 273 1603 V.
299 1570 471 1602 Benedicta
493 1572 668 1611 mulierum,

301 1617 530 1656 Contemplaris
551 1618 652 1649 Deum
676 1627 793 1652 verum.

240 1684 271 1715 3.
298 1682 347 1713 Tu
372 1689 404 1712 es
428 1681 485 1713 illa
506 1682 680 1714 Salomonis

296 1727 373 1759 Veri
396 1730 481 1766 nata,
507 1737 586 1767 quae
610 1729 643 1759 in
666 1729 787 1760 thronis

301 1774 340 1805 In
363 1774 479 1805 vestitu
504 1774 653 1806 deaurato

298 1821 369 1853 Jam
394 1828 565 1859 conregnas
588 1820 649 1852 Dei
672 1824 755 1852 nato.

229 1866 267 1898 V.
295 1865 392 1906 Audi,
419 1866 555 1905 domina,
581 1868 613 1898 et
636 1867 709 1898 vide

297 1912 342 1944 Et
364 1911 482 1943 inclina
505 1920 612 1943 aurem
636 1915 730 1944 tuam.

237 1978 268 2009 4.
295 1975 401 2008 Mater
424 1976 513 2015 larga
537 1976 598 2008 loci

341 2024 469 2054 nostrae
492 2021 705 2054 modulamina
728 2023 797 2054 voci

294 2068 444 2108 Imprime
470 2069 591 2111 devota,

341 2115 510 2147 clementer
533 2115 658 2154 suscipe
681 2117 764 2156 vota,

293 2164 356 2195 Pro
381 2162 501 2193 meritis
526 2162 654 2202 gaudes,

340 2211 467 2240 cantant
486 2209 565 2241 coeli
581 2208 704 2248 agmina
720 2208 838 2240 laudes.

223 2256 262 2288 V.
290 2255 376 2288 Coeli
399 2255 517 2296 regina,

338 2302 450 2333 mentis
477 2302 620 2341 dulcedo,
646 2302 760 2333 rosina.

1033 198 1078 229 In
1105 198 1135 229 2.
1162 196 1384 230 Nocturno.

1113 259 1303 294 Antiphonae.

918 319 930 348 l
972 316 1125 349 Defuncto
1150 319 1240 355 patre
1263 316 1329 348 filia

969 362 1164 402 Virginitatis
1188 362 1255 393 lilia

1014 409 1121 448 Quoad
1146 417 1180 439 se
1202 417 1264 440 non
1287 412 1395 446 mutat,

972 454 1035 486 Sed
1057 458 1157 487 mater
1179 455 1361 486 meticulosa

970 501 1116 540 Imperat,
1143 501 1225 539 quod
1249 501 1362 532 rubens
1386 510 1456 533 rosa

1014 548 1085 579 Hoc
1109 550 1212 578 votum
1237 549 1412 580 commutat.

912 603 942 633 2.
969 602 1046 634 Cum
1071 604 1152 633 esset
1173 602 1238 640 J'am
1261 604 1368 634 tenera

969 647 1032 679 Sub
1057 648 1145 679 annis
1166 648 1345 687 Juveneula,

968 693 1151 725 Detestatur
1172 702 1302 725 munera

969 739 1068 770 Maris
1092 741 1128 770 ut
1150 739 1316 777 sponsalia.

912 794 943 825 3.
969 793 1074 824 Status
1101 794 1222 825 demum
1248 794 1408 834 conjugalis

967 838 1144 870 Adfuturus
1169 839 1314 870 salutaris

967 884 1117 916 Fructum
1143 883 1206 915 fert
1230 886 1373 917 eximium

967 932 1029 962 Per
1051 931 1110 962 hoc
1134 931 1318 962 dotalitium.

910 987 943 1018 4.
972 985 1143 1017 Celebratis
1168 986 1284 1024 nuptiis

969 1031 1057 1063 Fluit
1080 1041 1188 1071 parum
1213 1033 1374 1072 temporis,

970 1078 1139 1116 Regionem
1166 1078 1292 1117 deserit,

971 1124 1052 1156 Casu
1077 1124 1189 1162 conJ'ux
1212 1124 1328 1155 interit.

911 1179 941 1210 5.
968 1179 1053 1216 Quae
1078 1178 1199 1217 fulgens
1225 1179 1413 1216 castimonia,

970 1224 1016 1256 Ob
1040 1225 1102 1256 viri
1126 1225 1267 1262 copulem
1291 1226 1495 1264 ingemuerat,

969 1272 998 1300 A
1023 1273 1111 1309 peste
1134 1279 1206 1301 mox
1229 1273 1365 1310 curatur,

969 1316 1035 1354 Qua
1057 1316 1170 1347 misere
1192 1316 1371 1356 languerat3

968 1362 1079 1393 Paucis
1104 1362 1219 1401 quippe
1242 1362 1294 1393 hic
1319 1362 1428 1394 diebus

967 1407 1080 1446 Lapsis
1104 1408 1244 1446 moritur,

967 1453 1029 1485 Sed
1052 1453 1202 1485 Dominus
1226 1453 1338 1492 ignivit

969 1500 1030 1532 Cor
1057 1500 1123 1538 ejus
1147 1499 1291 1531 incendio

968 1545 1217 1577 Ardentissimae
1242 1546 1390 1577 caritatis.

913 1602 944 1632 6.
970 1601 1083 1632 Sancta
1107 1601 1276 1640 praeconia
1299 1602 1471 1632 recolentes

965 1647 1082 1678 Beatae
1106 1647 1253 1679 Bilhildis

967 1693 1102 1724 Nostrae
1124 1696 1352 1732 prosequuntur
1376 1701 1467 1725 voces

969 1738 1046 1771 Cum
1067 1739 1166 1778 ,iubilo
1191 1740 1304 1771 laudis.

970 1785 994 1816 Ο
1020 1786 1102 1816 alma
1127 1784 1241 1816 Christi
1266 1784 1392 1824 famula,

970 1830 1079 1862 Choris
1105 1830 1288 1861 coelestibus
1310 1831 1428 1869 juncta,

969 1876 1178 1915 Supernorum
1204 1877 1316 1907 civium
1340 1877 1448 1915 amica,

969 1921 1212 1961 Sanctorumque
1236 1924 1371 1955 omnium
1395 1924 1492 1965 socia,

967 1969 1131 2000 Intercede
1154 1969 1194 2000 ad
1218 1969 1384 2001 Dominum

967 2014 1027 2046 Pro
1051 2015 1150 2054 nobis

967 2060 1011 2092 Ut
1035 2063 1136 2092 tecum
1161 2070 1334 2093 mereamur

967 2107 1116 2139 Adscribi
1138 2107 1171 2138 in
1197 2109 1301 2143 coelis.

1103 2200 1307 2235 Responsoria.

906 2255 935 2286 1.
961 2255 1068 2287 Flavit
1091 2258 1207 2296 auster,
1237 2257 1309 2288 dum
1332 2256 1496 2289 Bilhildim

964 2301 1124 2335 Castitatis
1148 2312 1202 2335 vas
1228 2304 1329 2344 elegit.
