1679 2491
718 82 967 119 —105—

377 175 407 207 A
418 176 437 207 d
461 177 489 208 L
499 185 546 207 au
557 177 576 208 d
587 185 603 208 e
613 185 637 209 s,

411 238 605 274 Antiphonae.

235 322 242 329 .
268 295 403 332 Laudes,
431 295 562 335 Christe,
590 296 697 328 domus

314 344 369 373 tua
392 344 508 382 pangat
532 343 633 374 cincta
659 343 781 382 decore,

268 386 427 419 Justorum
454 388 539 419 bella

314 442 393 473 quae
416 442 507 465 sacra
529 433 684 465 mirificat.

238 515 244 522 .
270 488 382 520 Sidere
401 489 467 527 jam
490 489 569 520 lucis

316 537 385 566 orto
408 534 540 566 Domino
562 534 739 574 Jubilemus,

267 581 389 612 Pascua
412 582 465 620 qui
488 584 610 612 sanctos

316 626 401 658 vexit
423 627 464 658 ad
489 626 554 658 alta
577 635 658 658 SUOS.

234 706 242 714 .
268 680 306 711 In
330 681 449 720 quadro
473 681 559 712 rutili

315 726 437 766 lapides
461 730 525 757 tres
543 726 652 757 ordine
668 726 816 764 sculpunt
868 745 909 778 A·

264 772 331 803 Hos
357 772 534 810 evangelica

311 818 383 848 luce
405 816 529 856 fideque
552 820 687 855 patrum.

234 899 241 906 .
266 873 345 904 Tres
370 880 498 903 cernens
522 871 597 903 fidei

308 922 403 956 pater
432 927 526 950 unum
550 927 667 956 pronus
691 917 811 957 adorat,

272 964 334 996 Pro
359 964 459 996 tribus
481 964 599 995 illaesis

311 1011 353 1041 sit
375 1010 558 1042 benedictus
582 1009 676 1041 idem.

212 1067 242 1099 5.
265 1065 443 1098 Laudemus
466 1065 643 1103 Dominum,

313 1120 404 1151 quem
424 1111 533 1143 laudat
554 1111 682 1149 spiritus
700 1111 809 1150 omnis,

869 361 909 391 A.

935 177 1085 210 Machina
1108 185 1197 216 quem
1221 185 1325 208 rerum

981 224 1065 255 trina
1088 223 1248 254 tremendo
1274 222 1356 254 colit.

1053 304 1099 332 Ad
1116 304 1297 332 Benedictus.

934 363 974 394 In
1000 361 1088 393 domo
1111 361 1216 393 David

982 410 1138 446 sceptrum
1147 407 1338 447 splendescit
1343 406 1480 448 nouom,

935 453 1003 484 Rex
1027 453 1113 492 pacis
1138 454 1251 485 stravit

982 499 1139 529 inimicum
1163 500 1286 538 vimque
1308 499 1437 531 timoris.

1008 623 1052 654 In
1078 624 1109 655 2.
1136 622 1347 660 Vesperis.

1054 689 1099 717 Ad
1117 689 1292 725 Mag-nificat.

935 746 1019 776 Ante
1042 745 1188 776 thronum
1212 748 1339 783 stantes,

979 798 1083 821 rerum
1107 789 1222 822 fontem
1248 792 1452 829 speculantes,

934 836 1059 867 Palmas
1083 839 1249 875 gestantes,

981 891 1062 913 nova
1086 883 1207 913 cantica
1231 883 1452 913 continuantes.

935 929 1045 959 Testes
1071 930 1245 959 constantes

981 973 1107 1004 Domini
1132 982 1313 1005 veneremur
1336 977 1463 1005 ovantes

933 1020 977 1051 Et
1001 1019 1217 1051 citharizantes

981 1066 1206 1097 conclamemus
1227 1066 1397 1104 jubilantes

1024 1112 1063 1143 1n
1087 1114 1245 1143 aeternum
1269 1112 1416 1155 Alleluja.

273 1175 359 1202 BreV.
372 1175 561 1210 Zagrabiense
582 1175 650 1208 imp.
663 1174 794 1201 Venetiis
810 1171 890 1201 1484.
904 1189 941 1193 —
953 1174 998 1201 Ad
1010 1175 1111 1201 Matut.
1126 1175 1199 1208 Inv.,
1220 1172 1237 1200 2
1251 1177 1349 1210 surget
1360 1175 1480 1209 praevia

201 1213 281 1240 solis.
301 1226 338 1231 —
357 1213 393 1239 In
413 1212 437 1238 1.
457 1212 539 1239 Noet.
560 1208 583 1236 Α
605 1209 628 1243 1,
650 1208 668 1237 3
688 1218 742 1246 que
762 1210 841 1238 fehlt.
861 1226 897 1230 —
917 1212 953 1238 In
972 1209 998 1236 2.
1018 1212 1100 1238 Noct.
1120 1209 1143 1237 Α
1163 1209 1189 1245 δ,
1211 1209 1227 1224 ⁴²*
1247 1212 1400 1248 Linguam.

562 1300 607 1331 38.
645 1299 681 1329 In
698 1299 913 1331 'translatione
932 1309 956 1331 s.
975 1299 1123 1338 Dionysii.

337 1371 384 1402 In
411 1370 441 1402 1.
467 1368 678 1407 vesperis.

383 1427 475 1463 Super
492 1427 634 1454 Psalmos.

198 1482 239 1513 A.
265 1480 354 1520 Veni,
378 1482 471 1518 pater
493 1478 636 1519 Dionysi,

267 1527 346 1558 Veni
370 1526 409 1558 de
434 1525 578 1564 Graecia,

264 1573 345 1605 Veni
371 1572 410 1604 de
435 1571 547 1607 Gallia,

262 1619 353 1658 Veni,
381 1618 473 1649 decus
494 1616 646 1657 paradisi,

263 1665 308 1697 Ut
330 1668 363 1696 te
388 1664 556 1696 Germania

262 1712 362 1743 Laeta
385 1709 491 1742 foveat
516 1713 654 1747 cantans,

264 1758 322 1790 Pie
345 1757 512 1789 Franciam
537 1755 751 1794 supplantans.

383 1819 429 1846 Ad
447 1818 623 1853 Magnificat.

231 1895 237 1902 .
263 1867 384 1907 Gaude,
409 1866 572 1904 Teutonia,
597 1864 777 1896 thesaurum

262 1913 482 1947 Pretiosiorem
495 1912 561 1951 jam
573 1911 710 1942 retinens
721 1919 812 1950 quam

588 1966 706 1998 aurum,

260 2008 341 2040 Ossa
370 2014 462 2038 saera
493 2004 624 2043 insignis
650 2003 812 2035 Gallorum

587 2050 730 2091 apostoli,

259 2099 480 2140 Areopagitae,
498 2096 649 2128 Graeciae
659 2095 811 2127 didascali

260 2147 305 2180 Et
330 2146 468 2187 gentium
495 2144 630 2177 doctoris
655 2141 811 2182 quondam

586 2190 742 2228 discipuli,

258 2240 322 2273 Pro
337 2240 425 2279 cuius
436 2237 531 2270 laude
541 2238 712 2277 gaudentes
724 2235 809 2267 exul-

585 2285 653 2316 tant
668 2282 788 2322 populi.

1003 1369 1063 1400 Ad
1087 1368 1344 1399 Matutinum.

1066 1428 1278 1455 Invitatorium.

935 1479 996 1510 Est
1018 1479 1079 1509 huc
1100 1480 1254 1510 translata

980 1523 1141 1556 Gallorum
1164 1525 1263 1564 gloria
1288 1527 1387 1564 grata,

932 1570 1017 1602 Hinc
1039 1571 1148 1611 vigiles
1174 1571 1297 1604 Christo

978 1617 1107 1656 Templo
1128 1618 1295 1656 jubilemus
1318 1617 1351 1647 in
1375 1617 1445 1648 isto.

999 1700 1042 1731 In
1072 1702 1100 1732 1.
1127 1700 1182 1731 No
1194 1703 1350 1731 cturno.

1075 1758 1252 1793 Antiphonti-⁷
1264 1777 1266 1783 .

933 1809 1118 1848 Magnificus
1142 1809 1325 1848 Imperator,

931 1855 1009 1887 Loci
1032 1855 1205 1894 praesentis
1229 1858 1366 1894 ornator,

932 1901 1113 1939 Arnolphus
1140 1900 1255 1932 Caesar
1279 1902 1449 1940 quaerebat

932 1947 977 1978 Et
999 1947 1040 1978 ad
1065 1947 1234 1979 Germanos
1259 1946 1391 1987 ferebat,

932 1993 978 2025 Ut
999 1992 1143 2034 Dionysii
1166 2001 1271 2024 sacras

935 2039 1129 2071 Traduceret
1151 2040 1310 2078 reliquiaS.

899 2117 906 2124 .
932 2095 1015 2127 Usus
1038 2096 1092 2134 pia
1115 2094 1227 2127 fraude

935 2141 1049 2173 Caesar
1074 2141 1184 2181 diguus
1206 2141 1301 2173 laude

931 2187 1058 2220 Perfrui
1081 2191 1152 2219 voto
1176 2189 1298 2229 meruit,

931 2234 1020 2273 Quod
1044 2236 1109 2266 solo
1133 2234 1319 2274 presbytero
1344 2237 1478 2275 aperuit,

933 2281 1028 2320 Quem
1053 2281 1101 2313 his
1126 2285 1231 2321 aptum
1256 2283 1351 2315 novit.
