1656 2491
714 76 941 111 ,ξω-

373 174 402 203 Α
412 174 432 205 d
456 172 483 204 L
491 182 511 204 a
519 182 538 203 u
548 172 568 202 d
577 180 594 202 e
602 180 626 203 s.

403 226 592 261 Antiphonae.

228 302 234 309 .
260 277 454 316 Regnaturus
476 277 509 307 in
531 276 613 306 stola
637 273 755 312 duplici

262 324 333 356 Jam
356 322 535 362 Arnulphus

305 368 419 407 gaudet.
440 369 473 398 iu
495 366 639 403 simplici,

261 414 318 451 Qui
343 413 469 445 vestitus
495 412 606 442 decore
629 410 746 450 gloriae

259 458 439 490 Delectatur
462 456 564 488 fructu
586 456 734 495 justitiae.

227 540 232 546 .
261 511 385 544 Infinita
409 510 505 543 fretus
528 511 649 542 laetitia

257 558 327 590 Jam
352 566 420 588 cum
439 557 554 589 sanctis

304 603 419 642 gaudet
441 604 472 634 in
496 602 608 641 patria,

256 649 320 682 Ubi
341 649 422 687 jugis
447 651 494 679 est.
517 648 674 686 exaltatio,

257 695 381 726 Summa
405 695 490 733 quies
516 697 547 724 et.
569 693 629 724 Dei
652 693 740 725 visio.

225 775 231 782 .
258 749 439 787 separatum
462 756 590 787 granum
614 757 634 779 a
655 748 747 786 palea

260 795 402 826 Paradisi
421 795 485 832 jam
508 796 593 824 tenet
615 793 736 832 horrea,

258 840 311 878 Et,
337 848 427 879 quam
450 839 595 878 frequens

308 885 406 917 sitivit
427 885 563 926 lacrima,

261 931 347 963 Coeli
368 930 437 961 luce
459 931 597 969 repletur
621 929 732 961 anima.

227 1008 234 1015 .
262 985 395 1023 Goelum,
421 988 514 1023 terra,

304 1034 417 1069 pontus
440 1034 472 1061 et
494 1031 629 1069 aethera,

259 1077 451 1107 Benedicant
473 1075 621 1107 factorem
646 1083 749 1114 opem,

260 1122 467 1153 sustentando
491 1122 568 1152 dans
583 1121 654 1159 jura
669 1120 798 1159 singuiis

260 1168 463 1199 Praedicatur
485 1166 569 1198 Deus
600 1167 632 1196 in
656 1166 796 1197 saeculis

226 1245 233 1253 .
259 1221 401 1253 seniores
426 1229 493 1252 cum
513 1221 687 1259 junioribus

262 1267 342 1306 Vita,
368 1274 451 1305 voce,
477 1268 555 1297 votis
581 1270 612 1296 et
635 1266 780 1304 moribus,

259 1313 396 1351 Regnum
422 1315 507 1351 cujus

306 1366 366 1388 non
389 1359 473 1389 novit
497 1361 670 1395 terminum,

261 1402 475 1434 collaudemus
482 1403 516 1433 in
525 1403 618 1434 coelis
625 1402 798 1434 Dominum.

1035 165 1080 192 Ad
1098 164 1277 192 Benedictus.

855 233 895 266 A,
921 230 1105 261 Veneranda
1126 230 1203 268 justi
1226 228 1374 260 memoria

921 275 1021 307 Claris
1044 274 1144 315 fulget,
1165 276 1322 315 signorum
1346 273 1455 310 titulis,

921 321 1047 354 claudis
1071 329 1193 361 gressus

967 368 1059 399 datur
1084 366 1267 406 constantia,

919 414 1016 446 Mutis
1034 420 1144 451 sermo,
1165 413 1218 443 lux
1235 411 1334 443 caecis
1352 410 1460 448 ocuIiS,

919 459 1022 489 Vincti
1038 458 1179 497 ‘gaudent
1194 457 1302 489 solutis
1318 456 1461 493 vinculis,

919 504 1038 536 Surdus
1051 503 1148 541 audit,
1163 502 1278 533 cedunt
1291 501 1462 539 daemonia,

917 549 961 581 Et
985 547 1139 580 defunctis
1164 548 1268 579 vitalis
1292 548 1393 588 gratia

918 594 1014 627 Redit
1038 594 1136 632 pulsis

964 639 1140 672 morborum
1165 639 1308 672 stimulis.

986 760 1030 790 In
1056 761 1086 790 2.
1112 758 1321 797 Vesperis.

1035 831 1079 857 Ad
1099 830 1275 865 Magnificat.

883 927 889 933 .
917 902 941 933 Ο
965 901 1092 931 lucerna
1115 899 1215 938 plebis
1240 899 1420 935 catholicae,

921 946 1003 979 Cleri
1028 946 1157 986 clarens,

961 991 1134 1029 Arnulphe,
1160 991 1329 1030 speculum,

919 1038 1041 1070 Clerum
1067 1037 1200 1067 clemens

962 1083 1136 1114 adstantem
1160 1082 1292 1121 respice,

917 1129 1003 1167 Rege
1020 1128 1113 1166 cives,
1135 1135 1283 1159 conserva
1301 1128 1461 1167 populum,

919 1173 964 1206 Ut
986 1175 1057 1212 post
1080 1173 1170 1212 hujus

963 1219 1071 1250 mortis
1094 1219 1257 1250 articulum

920 1266 1127 1304 Resurgentes
1151 1265 1183 1295 in
1208 1265 1290 1296 stola
1315 1265 1438 1304 duplice

918 1311 1150 1349 Repromissum

965 1364 1077 1387 coenae
1102 1356 1273 1387 dominicae

920 1401 967 1432 Te
987 1402 1116 1440 juvante
1138 1410 1293 1433 sumamus
1316 1403 1451 1441 epulum.

271 1466 352 1492 Brev.
374 1465 552 1500 vapincense
572 1466 638 1500 imp.
659 1465 782 1500 Vapinci
802 1463 881 1493 1499.
902 1465 935 1490 A.
955 1478 991 1482 —
1011 1466 1092 1492 Brev.
1108 1464 1295 1492 Narbonense
1313 1466 1381 1500 imp.
1397 1466 1464 1493 Car-

197 1509 334 1529 eassonae
354 1499 434 1529 1535.
454 1503 486 1529 B.
505 1516 541 1520 —-
559 1502 595 1529 In
614 1501 639 1529 1.
658 1502 740 1537 Nyct.
761 1499 781 1526 R
803 1500 827 1535 1,
850 1500 865 1527 1
882 1501 1007 1529 Simonis
1025 1501 1152 1536 pollutus
1165 1502 1196 1528 B.
1211 1515 1246 1520 —
1261 1500 1281 1526 R
1303 1501 1327 1534 1,
1347 1500 1366 1528 2
1379 1503 1465 1529 Prae-

196 1538 286 1565 sulari
305 1539 338 1565 Β.
353 1554 388 1559 —
401 1539 435 1565 In
453 1537 479 1565 2.
493 1539 573 1566 Noct.
595 1536 615 1563 R
636 1537 661 1573 2,
682 1540 699 1565 ἔ)
712 1538 873 1566 Vindictam
892 1538 927 1565 de
945 1540 1056 1573 ternpus
1071 1538 1103 1564 A.
1119 1552 1153 1557 -
1168 1536 1188 1563 R
1209 1537 1235 1571 2,
1255 1537 1272 1565 ‚5
1293 1539 1327 1565 de
1346 1539 1418 1566 fehlt
1429 1539 1464 1566 A.

636 1646 674 1676 16.
713 1645 754 1676 De
773 1644 877 1675 sancto
897 1645 1019 1675 Autore.

866 1718 897 1750 3.
922 1716 1061 1748 Treviris
1084 1717 1263 1755 episcopatu

967 1762 1059 1793 Miris
1081 1762 1176 1801 signis
1202 1763 1312 1794 claiuit

924 1807 1033 1847 Ibique
1054 1807 1115 1839 Dei
1138 1810 1266 1846 precatu

969 1854 1101 1886 Sedulus
1124 1854 1279 1892 apparuit.

334 1717 380 1750 In
407 1718 436 1750 1.
461 1718 668 1757 Vesperis.

400 1780 593 1816 Antiphonae.

209 1838 238 1869 1.
264 1838 342 1874 Ave,
364 1836 457 1876 jubar
480 1836 670 1879 matutinum,

311 1882 387 1914 Flos
411 1887 443 1913 et
467 1882 559 1914 decor
582 1885 791 1921 patronorum,

357 1930 466 1967 Autor,
490 1929 633 1960 redolens
658 1929 748 1967 oliva,

265 1975 312 2006 Te
333 1983 392 2012 per
414 1977 534 2013 ’tempus
558 1974 765 2012 vespertinum

312 2019 356 2051 Ut,
378 2022 510 2051 tutorem
532 2021 717 2058 populorum

354 2065 428 2097 jam
451 2066 612 2097 laudamus
634 2074 710 2097 voce
725 2067 804 2097 viva.

209 2123 241 2153 2.
268 2121 348 2152 Vere
371 2120 446 2151 felix
469 2123 558 2160 pater
580 2120 649 2160 iste,

312 2167 425 2198 Plenus
447 2175 566 2197 morum
590 2165 702 2206 fructu,

267 2212 321 2245 Fit
335 2213 459 2252 praesul
470 2220 529 2252 per
546 2215 586 2254 te,
605 2222 660 2245 rex
674 2212 804 2253 Christe,

313 2259 512 2291 Trevirorum
537 2259 640 2293 ductu.

868 1920 899 1951 4.
926 1918 1043 1950 Ornata
1066 1918 1142 1949 haec
1166 1927 1286 1957 gemma
1310 1919 1387 1951 cleii

970 1964 1055 1995 Hinc
1066 1964 1209 1995 discessit
1220 1964 1259 1996 ab
1271 1965 1332 1997 hoc
1341 1966 1468 2005 mundo,

927 2011 1041 2042 Juncta
1065 2010 1159 2041 coelis
1182 2010 1242 2042 Dei
1265 2012 1343 2050 veri,

972 2056 1053 2087 Nam
1076 2057 1207 2087 recessit
1229 2057 1268 2088 ab
1291 2058 1463 2090 immundo.

871 2122 902 2152 5.
927 2121 1047 2152 Rursus
1071 2120 1135 2151 suis
1159 2121 1299 2161 reliquiis

973 2166 1074 2197 Autor
1097 2165 1186 2198 nobis
1210 2167 1368 2200 addicitur

928 2212 1035 2244 Factis
1060 2212 1126 2251 ejus
1151 2214 1304 2252 exsequiis

972 2258 1016 2289 Et
1040 2261 1187 2298 patronus
1212 2258 1355 2293 efficitur.
