1679 2491
791 101 1020 135 -55-

274 189 305 220 2.
333 187 499 221 confessor
523 190 648 223 Domini
672 193 771 225 bonus

376 236 561 273 praedicans
585 238 750 271 instantius

329 279 434 311 Minas
460 283 580 321 sprevit
603 284 807 317 barbarorum

376 328 514 365 graviter
537 327 715 371 furentium,

330 372 465 411 Insuper
487 374 527 406 ab
551 375 620 414 ipso
645 385 717 416 rege

376 419 489 451 colitur
512 420 683 460 magnifice.

263 463 300 496 V.
328 463 502 497 Daemones
527 467 622 498 verbo
647 467 784 509 fugabat,

375 511 522 543 ordinans
548 514 709 546 ecclesiam

328 556 499 589 Insistebat
522 558 632 590 officiis

373 603 464 642 juxta
487 604 580 636 ritum
603 608 752 645 mysticis,

271 659 301 689 3.
327 657 415 689 Inter
438 657 620 699 falsiloquos

373 703 454 735 forte
479 706 661 738 recumbens

326 748 440 781 Verbis
464 750 644 789 pontificum

368 796 439 834 J'ure
463 800 586 828 coactus

326 841 457 873 Sanctus
482 843 530 873 vir
553 843 679 875 Domini

369 888 507 926 percitus
531 889 648 928 inquit:

314 933 384 964 Jam
408 943 491 966 nunc
514 934 671 967 sufficiunt

368 980 503 1018 plurima
528 982 633 1021 verba,

321 1025 383 1057 Sed
407 1026 506 1057 virtus
531 1027 655 1058 Domini

367 1081 442 1104 vera
465 1074 625 1112 probetur.

254 1118 291 1150 V.
319 1118 494 1158 Curatoque
519 1120 631 1151 dehinc

367 1173 497 1204 corpore
521 1174 612 1197 caeco

322 1210 505 1250 Importuna
528 1211 616 1251 fugat

368 1258 490 1296 agmina
515 1258 631 1289 dicens.

263 1313 295 1343 4.
322 1311 347 1343 O
372 1313 515 1343 meritum
537 1313 614 1352 J'usti

366 1358 493 1389 nimium
517 1359 676 1390 laudabile
699 1359 798 1398 testis,

322 1404 403 1441 Quos
426 1413 485 1435 nec
507 1405 554 1436 vis
578 1405 735 1436 hominum

365 1450 464 1481 valuit
486 1459 635 1489 superare
658 1459 716 1482 nec
740 1460 835 1491 arma,

318 1496 386 1527 Hos
412 1497 601 1536 Augustinus

364 1543 429 1574 solo
453 1551 595 1574 sermone
618 1543 749 1583 subegit.

250 1587 288 1619 V.
314 1589 463 1619 Armatus
487 1589 575 1620 verbi

364 1635 469 1674 gladio
494 1636 644 1674 galeaque
667 1635 776 1667 salutis

319 1680 491 1713 Indomitos
516 1682 596 1713 adiit

365 1727 526 1759 doctrinae
549 1728 668 1759 viribus
692 1728 821 1767 Anglos.

430 1826 459 1856 A
469 1825 488 1855 d
510 1825 537 1856 L
545 1834 562 1855 a
570 1834 591 1855 u
601 1825 620 1855 d
631 1833 649 1855 e
658 1834 683 1857 s,

458 1884 651 1919 Antiphonae.

258 1935 288 1967 1.
314 1935 508 1974 Augustinus
534 1935 684 1966 ecclesiae

359 1981 565 2013 Restaurator
588 1981 732 2022 Angliae‚

998 195 1137 228 Docebat
1163 194 1318 227 Christum
1344 198 1446 229 colere

1043 243 1133 274 Idola
1156 250 1313 281 respuere.

964 328 971 335 .
996 307 1145 339 Armatus
1171 315 1261 337 cruce
1283 307 1382 338 nobili

1043 353 1153 385 Stabat
1174 352 1269 384 verbo
1293 352 1378 394 fidei,

995 398 1111 438 Regem
1134 407 1258 430 saevum
1281 408 1358 438 prae
1382 401 1493 432 ceteris

1042 444 1159 477 Christi
1179 445 1284 483 junxit
1308 446 1479 485 discipulis.

963 533 970 541 .
996 508 1173 540 Praebebat
1195 512 1320 541 sanctus

1042 555 1160 586 cunctis
1183 556 1325 594 exempla
1348 557 1457 588 salutis

995 600 1156 632 Ecclesiae
1180 609 1268 632 sacro

1043 647 1166 678 deditus
1191 646 1304 679 officio.

960 735 967 741 .
993 710 1031 741 In
1055 713 1222 748 conspectu
1244 712 1429 750 populorum

991 755 1053 786 Per
1077 756 1176 787 sancti
1200 757 1260 787 viri
1283 758 1427 788 meritum

994 800 1143 833 Gonfesso
1167 801 1282 832 Christi
1306 804 1429 834 nomine

994 847 1110 879 Caecus
1134 847 1249 885 gaudet
1273 848 1313 879 de
1335 849 1460 882 lumine.

960 935 965 941 .
991 911 1044 942 Ad
1068 912 1158 950 hujus
1182 912 1283 942 sancti
1306 914 1456 944 tumulum

990 956 1146 989 Curantur
1168 957 1308 989 membra
1322 959 1533 998 languentum,

990 1003 1051 1034 Per
1074 1004 1160 1042 cujus
1184 1012 1334 1034 summum
1359 1005 1494 1036 studium

990 1048 1206 1088 Cognoverunt
1229 1050 1423 1084 altissimum.

1103 1140 1146 1168 Ad
1166 1141 1345 1169 Benedictus.

954 1222 961 1229 .
985 1197 1089 1228 Hodie
1112 1200 1202 1236 pater
1226 1199 1397 1238 Anglorum

988 1243 1122 1275 Consors
1146 1242 1247 1275 factus
1272 1245 1450 1284 angelorum

986 1288 1135 1327 Migravit
1165 1290 1205 1320 ad
1230 1291 1336 1322 Jesum
1361 1291 1529 1323 Christum.

989 1334 1111 1366 Gaudet
1134 1338 1234 1366 mater
1258 1336 1388 1367 ecclesia

986 1380 1090 1412 Verbo
1115 1380 1174 1412 Dei
1199 1380 1377 1422 fecundata,

990 1426 1074 1464 Quae
1097 1427 1220 1458 beatum
1245 1427 1422 1466 pontificem

985 1472 1151 1504 Praemisit
1173 1474 1206 1504 in
1230 1473 1412 1505 Jerusalem.

1052 1584 1096 1615 In
1122 1585 1152 1616 2.
1179 1584 1389 1623 Vesperis.

1106 1647 1151 1675 Ad
1170 1647 1344 1682 Magnificat.

953 1732 959 1738 .
984 1705 1099 1744 Magne
1110 1705 1246 1744 praesul,
1262 1705 1370 1736 doctor
1382 1705 1528 1745 gentium,

984 1751 1079 1782 Pater
1102 1751 1285 1790 Anglorum‚

983 1797 1076 1828 Alme
1099 1797 1283 1835 Augustum,

983 1843 1147 1874 Intercede
1170 1851 1228 1880 pro
1253 1842 1379 1881 populo,

984 1889 1080 1926 Quem
1103 1889 1239 1919 lucratus
1265 1896 1297 1919 es
1321 1888 1465 1928 Domino,

985 1935 1112 1966 Veniam
1136 1943 1230 1972 posce
1253 1933 1387 1973 famulis,

984 1980 1098 2018 Quibus
1121 1980 1242 2012 donasti
1258 1981 1389 2012 verbum
1404 1982 1526 2016 salutis,

320 2079 404 2106 Brev.
428 2086 480 2104 ms.
501 2077 673 2105 Coloniense
700 2085 773 2105 saec.
795 2075 869 2111 ¹³l14.
904 2077 971 2105 Cod.
991 2075 1150 2105 Londinen.
1172 2077 1254 2104 Harl.
1274 2075 1356 2105 4664.
1384 2093 1419 2096 —
1443 2078 1526 2105 Nach

244 2115 294 2143 cler
317 2113 345 2142 4.
364 2114 512 2150 Antiphon
533 2115 583 2142 der
602 2113 628 2141 2.
647 2116 777 2142 Nocturn
795 2114 891 2150 folgen
909 2115 1041 2149 folgende
1059 2115 1191 2149 Amange
1209 2123 1267 2142 von
1287 2115 1472 2150 Antiphonen
1491 2115 1527 2143 de

244 2153 403 2179 communi:
435 2153 554 2179 Amavit
581 2161 646 2179 eum
673 2153 815 2180 Dominus
821 2163 828 2186 ς
861 2152 897 2179 In
924 2151 993 2185 fide;
1024 2152 1243 2179 Collaudabunt.
1291 2152 1439 2188 Antiphon
1467 2153 1526 2179 und

242 2190 457 2225 Responsorien
476 2189 526 2217 der
545 2190 651 2217 dritten
673 2190 803 2217 Nocturn
823 2189 887 2217 sind
907 2189 964 2216 alle
983 2190 1131 2224 prosaisch
1150 2189 1209 2218 und
1229 2189 1264 2216 de
1283 2191 1434 2224 communi,
1454 2199 1524 2217 wes-

242 2227 310 2254 halb
330 2235 385 2254 nur
404 2227 451 2254 die
469 2227 604 2263 Ani-'finge
623 2227 797 2263 angegeben.
829 2227 918 2254 Diese
930 2226 1204 2262 Liiekenhaftigkeit
1222 2227 1282 2262 legt
1300 2227 1354 2254 rien
1368 2227 1525 2255 Gedanken

241 2265 331 2298 nahe,
357 2264 420 2291 dass
439 2266 493 2291 wir
513 2273 542 2292 es
563 2266 617 2291 mit
635 2266 728 2292 einem
749 2263 881 2292 Officium
901 2272 937 2291 zu
955 2264 1027 2291 thun
1047 2264 1155 2297 haben,
1183 2264 1245 2291 dem
1266 2265 1313 2292 die
1332 2265 1524 2292 monastische

241 2302 326 2329 Form
347 2301 427 2329 nicht
446 2302 648 2337 urspriinglich
668 2303 715 2329 ist.
