1674 2492
696 66 948 100 —199—

443 166 487 196 76.
524 166 558 196 In
579 166 792 198 Translatione
812 175 835 198 s.
856 166 972 198 Mariae
990 166 1203 206 Magdalenae.

323 233 367 264 In
394 234 423 267 1.
450 235 662 273 Vesperis.

200 301 224 330 ἰ.
250 299 422 330 Benedicta
445 299 539 330 maris
564 300 664 340 stella,

250 345 449 384 Magdalena,
474 345 534 377 Dei
559 347 646 385 cella,

297 391 482 424 Columbina
506 393 619 434 specie,

253 436 499 477 Naufragantum
524 441 557 469 tu
581 437 708 478 fiscella,

250 484 308 516 Pia
331 492 425 522 prece
448 482 523 523 fuga
545 484 630 516 bella

297 530 420 561 Veteris
443 530 592 569 malitiae,

217 599 224 607 .
250 576 336 607 Rosa
359 576 473 608 rubens
500 579 530 607 et
553 578 686 615 novella⁷

248 622 352 653 Favus
379 623 478 654 dulcis
503 621 636 654 fundens
660 624 754 655 mella

297 669 430 700 Virtutis
456 672 487 700 et
508 670 634 708 gratiae.

370 751 415 777 Ad
433 751 607 786 Magnificat.

216 834 222 840 .
249 807 395 838 Exsultet
419 808 550 839 ecclesia

295 853 372 885 Tam
398 854 559 892 praeclaro
582 854 686 885 sidere

343 899 499 930 Virtutum
522 903 640 939 ornata,

249 946 347 977 Beata
370 946 545 987 Provincia,

293 992 499 1031 Magdalenae
522 1001 649 1023 munere

340 1038 440 1069 Felici
463 1039 579 1081 dotata,

249 1085 330 1116 Vere
356 1085 449 1124 digne
472 1086 632 1124 gloriatur,

244 1130 328 1168 Quae
352 1131 497 1162 thesauro
518 1140 612 1170 super
636 1140 710 1162 auro

249 1177 357 1208 Nobili
381 1177 508 1209 ditatur.

318 1279 378 1309 Ad
400 1278 657 1311 Matutinum.

381 1342 591 1369 Invitatorium.

247 1399 455 1430 Decantemus
479 1399 545 1439 regi
570 1399 692 1431 Christo

245 1445 453 1484 Magdalenae
475 1446 624 1485 praemia,

248 1494 333 1530 Quae
357 1492 423 1530 eJ'us
447 1492 625 1530 praesentia

247 1539 465 1577 virtutumque
489 1538 590 1577 gratia

248 1584 408 1616 Gloriatur
434 1585 484 1616 (lie
507 1584 577 1617 isto.

343 1687 359 1718 Ι
368 1697 389 1718 11
413 1686 443 1718 N
454 1696 471 1718 o
483 1689 549 1718 ctu
558 1697 573 1718 r
583 1697 602 1718 11
611 1696 638 1719 0.

391 1751 582 1787 Antiphonae.

212 1834 219 1840 .
246 1808 346 1840 Stella
369 1809 464 1839 maris

296 1854 392 1894 fulget
418 1855 450 1885 in
474 1854 609 1894 aethere,

247 1901 437 1941 Magdalena

294 1948 392 1988 surgit
420 1948 458 1979 de
481 1947 611 1987 pulvere

247 1995 371 2027 Gaudet
395 1993 478 2026 orbis

293 2042 332 2073 de
355 2044 442 2073 tanto
466 2049 604 2075 munere,

212 2121 218 2128 .
246 2098 392 2137 KaroluS,
423 2097 607 2129 Provinciae

290 2145 438 2185 princeps
464 2146 496 2175 et
520 2152 644 2182 corona,

242 2192 396 2224 Alumnus
422 2191 613 2230 clementiae,

242 2239 317 2270 Flos
341 2239 464 2278 patriae

290 2285 406 2318 Meruit
429 2286 507 2318 haee
532 2285 621 2317 dona.

864 238 894 269 3.
921 235 1050 268 Gemma
1072 236 1151 266 nitet
1174 237 1323 274 speeiooa,

854 2191 871 2223 1

917 282 1023 314 Virtus
1049 282 1112 313 exit
1135 282 1260 313 radiosa

963 329 1086 360 Mariae
1111 329 1150 359 de
1173 328 1299 369 tumulo,

920 374 1009 406 Salus
1036 375 1127 406 datur
1152 375 1285 414 copiosa,

914 421 1121 461 Magdalenae
1145 421 1230 452 velut
1254 430 1326 452 rosa

964 467 1082 506 Corpus
1107 466 1229 506 fragrat
1252 468 1384 500 saeculo.

1053 560 1254 594 izesponsofia.

881 640 888 646 .
913 613 1028 654 Fulget
1053 615 1117 646 dies
1142 615 1219 646 haec
1243 624 1352 646 serena

960 660 1067 692 Novae
1090 662 1168 692 lucis
1193 662 1291 702 radio,

912 706 949 737 In
974 716 1035 746 qua
1058 706 1134 738 felix
1157 707 1354 749 Magdalena,

961 753 1105 785 Lucerna
1128 754 1184 784 sub
1210 754 1322 794 modio,

960 798 1096 830 Solemni
1123 808 1190 830 cum
1214 800 1326 839 gaudio

914 845 1083 876 Exaltatur
1107 854 1144 876 ex
1168 854 1272 885 arena,

880 916 886 923 .
912 891 958 923 Ut
982 891 1101 922 aeterni
1125 890 1220 923 fontis
1243 900 1322 923 vena

912 936 1030 969 Nostra
1052 938 1160 968 reddit
1184 938 1278 968 corda
1301 938 1395 976 plena

959 983 1087 1015 Gratiae
1111 982 1273 1022 profluvio.

878 1072 885 1079 .
911 1048 996 1079 Area
1018 1049 1095 1087 legis
1120 1049 1269 1079 deaurata

956 1094 1070 1125 Fertur
1093 1095 1126 1125 in
1150 1094 1316 1133 oraculum,

912 1140 1021 1172 Floret
1045 1141 1155 1172 cedrus
1180 1141 1324 1179 exaltata,

958 1187 1020 1218 Dat
1046 1196 1142 1226 grana
1165 1187 1365 1227 manipulum,

915 1232 986 1264 Sole
1009 1232 1045 1264 fit
1069 1233 1183 1264 amicta

959 1279 1076 1310 Mulier
1099 1279 1290 1318 signaculum

911 1324 1030 1356 Mundo
1056 1325 1230 1364 benedicta,

909 1370 1116 1411 Magdalenae
1140 1372 1263 1402 titulum

958 1417 1027 1449 Vox
1050 1426 1112 1449 non
1135 1416 1210 1449 ficta

914 1463 1042 1503 Clamat,
1068 1466 1158 1495 ornat
1180 1464 1336 1495 saeculum

957 1510 1064 1549 Imago
1087 1510 1206 1542 relicta.

882 1602 888 1609 .
914 1575 1042 1607 Sacrum
1068 1584 1179 1615 corpus
1203 1575 1375 1607 balsamum

958 1622 1166 1653 Transcendit
1189 1623 1294 1662 odore,

913 1668 1096 1707 Sepulturae
1121 1669 1290 1700 thalamum

961 1715 1117 1746 Virtutum
1141 1715 1318 1754 splendore,

910 1762 1032 1801 Lingua
1055 1762 1158 1801 signat
1183 1762 1333 1792 calamum

959 1808 1093 1846 Spiritus
1118 1808 1235 1848 virore,

876 1879 882 1885 .
907 1854 1041 1886 Deitatis
1065 1863 1212 1893 organum

914 1900 1034 1933 Candet
1054 1909 1148 1939 super
1171 1900 1323 1932 Libanum

957 1947 1093 1987 Fronde,
1119 1946 1233 1987 fructu,
1258 1946 1343 1981 flore.

1025 2059 1083 2091 Ad
1105 2059 1277 2093 Laudes.

1053 2132 1244 2168 Antiphonae.

878 2215 884 2221 .
912 2190 1002 2222 Claro
1028 2190 1106 2221 coeli
1128 2191 1289 2232 matutino,

910 2237 1022 2269 Mundi
1047 2245 1138 2268 cursu
1163 2239 1340 2278 vespertino

959 2284 1049 2316 Nova
1074 2284 1127 2316 lux
1151 2286 1306 2326 appa-ruit,
