1656 2491
785 81 1036 115 —180—

462 180 509 207 Ad
525 177 699 215 Magnifieat.

282 238 319 269 A.
347 236 532 269 Collaetetur
557 236 649 267 turba
671 233 819 273 fidelium,

343 283 424 314 Dum
433 283 479 314 sol
486 282 625 314 Christus
631 281 756 312 Ivonem
762 279 882 310 radium

345 328 483 360 Luminis
500 327 596 360 datin
607 326 714 358 mundi
726 325 881 365 gaudium,

344 375 521 406 Britanniae
543 374 576 404 in
599 372 815 412 patrocinium,

345 420 510 451 Trecoriae
531 420 604 458 juge
627 417 827 459 praesidium,

347 466 438 505 Cujus
460 467 535 504 vita,
561 466 669 502 virtuS,
694 463 871 503 suffragium

343 512 403 543 Est
429 511 536 543 salutis
562 511 678 542 cunctis
702 510 880 541 remedium.

411 631 471 662 Ad
492 630 750 662 Matutinum.

480 695 600 721 Invitata
606 696 686 721 rium.

346 751 396 782 En
419 751 523 782 Ivonis
547 751 694 782 solemnia

395 796 580 828 Corruscant
602 806 658 836 per
682 796 796 835 orbem,

347 843 466 874 Stemus
491 844 522 874 in
545 843 673 880 laetitia,

390 888 505 920 Demus
529 888 595 920 Deo
620 889 757 923 laudem⁴

411 1009 454 1039 In
480 1009 510 1041 1.
535 1008 590 1039 No
601 1011 758 1043 cturno,

489 1071 675 1106 Antiphonae.

292 1128 320 1159 1.
346 1127 515 1167 Impiorum
538 1129 657 1166 sprevit
681 1127 818 1167 consilia,

345 1174 543 1205 Peccatorum
570 1175 651 1205 cavit
672 1174 793 1213 itinera,

347 1220 547 1251 Pestilentum
573 1220 714 1259 despexit
736 1220 849 1260 studia,

346 1265 511 1297 Beatorum
536 1264 634 1305 fulget
655 1266 686 1296 in
711 1266 821 1305 gloria.

293 1330 322 1361 2.
344 1330 410 1366 Ivo,
435 1329 597 1361 Britonum
621 1330 728 1369 gloria,

394 1375 517 1406 Floruit
537 1376 702 1415 universis,

347 1421 441 1452 Bonis
465 1420 583 1460 profuit
605 1422 714 1461 gratia,

393 1466 469 1498 Fuit
490 1468 578 1506 virga
601 1468 766 1506 perversis,

293 1532 322 1563 3.
349 1531 443 1569 Quem
466 1531 518 1562 hic
544 1531 657 1563 Christi
681 1532 781 1571 gratia

393 1577 536 1616 Suscepit
557 1578 589 1609 in
612 1578 710 1618 bonis,

347 1623 495 1654 Exsultat
516 1625 549 1654 in
573 1623 672 1662 gloria

395 1668 584 1701 Goelestibus
609 1670 707 1702 donis.

485 1752 685 1786 Responsoria.

294 1808 323 1839 1.
350 1808 456 1839 Dulcis
477 1808 619 1846 justitiae

393 1854 482 1885 bonis
489 1855 541 1885 hio
549 1854 630 1886 bona
639 1855 757 1887 semina
764 1856 889 1896 sparsit,

350 1900 467 1931 Hilaris
492 1899 611 1932 fructus

395 1948 520 1985 patrum
543 1946 705 1978 novalibus
729 1948 841 1987 hausit,

285 1991 323 2023 V.
348 1993 386 2023 In
411 2001 483 2031 agro
507 1993 663 2030 lacrimae,

396 2038 452 2069 sed
479 2039 588 2070 horreo
613 2040 725 2080 gaudia
748 2041 846 2073 metit.

295 2104 325 2134 2.
350 2103 411 2134 Hic
435 2106 570 2135 sanctum
598 2113 719 2144 corpus,

395 2149 527 2181 animam
570 2154 708 2182 sanctam
748 2161 867 2192 quoque

670 2200 790 2237 nactus,

350 2242 420 2273 Non
446 2243 531 2273 carni
555 2243 641 2286 vixit,

397 2290 535 2320 octennis
559 2299 662 2329 pugna
685 2292 838 2334 probavit,

939 175 975 208 V.

948 288 978 319 3.

939 472 976 504 V.

954 2060 983 2091 3.

1001 174 1180 214 virgineum
1203 175 1317 205 sertum

1049 222 1176 253 Ivonem
1202 221 1324 251 constat
1346 218 1504 257 adeptum.

1003 285 1185 317 Doctrinam
1208 292 1371 324 moresque
1394 284 1496 323 parat,

1051 340 1127 364 aevo
1148 331 1280 371 juvenili

1006 377 1164 410 Construit
1186 377 1342 415 ecclesias,

1048 434 1161 456 ornans
1185 426 1288 456 aetate
1310 422 1405 461 virili,

1001 470 1125 502 Laurea
1149 471 1309 502 doctorum

1050 517 1148 548 claret
1171 516 1281 548 merito
1308 516 1481 547 decoratus.

1065 639 1111 670 In
1137 638 1167 669 2.
1193 637 1249 668 No
1261 638 1380 667 cturn
1392 644 1419 666 o.

1147 709 1339 746 Antiphonae.

971 793 978 800 .
1005 767 1120 806 Optata
1142 766 1253 798 tribuit

1050 815 1174 845 sanctus
1190 814 1242 844 hic
1258 812 1368 851 omnia,
1387 819 1453 841 eum
1473 809 1548 840 vult.

1004 860 1068 901 Ινο,
1095 859 1147 899 qui
1171 858 1291 890 studuit

1052 905 1146 937 corde
1165 913 1277 945 rogare
1299 904 1410 936 Deum.

973 996 979 1002 .
1005 970 1066 1001 Hic
1091 972 1130 1002 de
1153 970 1313 1008 promissis

1049 1016 1128 1047 nibil
1139 1016 1277 1056 ambigit,
1291 1022 1381 1046 omne
1396 1014 1481 1045 (labit
1495 1021 1551 1043 rex

1006 1062 1152 1101 Optatum
1177 1065 1208 1093 et
1230 1062 1349 1093 meritis

1051 1109 1152 1148 gratia
1175 1108 1274 1147 maj0r
1298 1108 1366 1139 erit.

975 1200 982 1206 .
1006 1172 1162 1204 Mirabilis
1188 1173 1328 1204 Christus

1052 1219 1151 1250 sancti
1174 1219 1317 1250 mirabile
1339 1226 1449 1249 nomen

1005 1264 1105 1305 Fecit,
1130 1274 1203 1296 nam
1228 1265 1353 1296 evidens

1053 1311 1170 1342 cunctis
1194 1312 1317 1351 populis
1342 1309 1401 1342 fuit
1426 1317 1525 1341 omen.

1143 1403 1344 1439 Responsoria.

978 1493 984 1499 .
1009 1467 1107 1499 Dedit
1129 1477 1164 1499 se
1189 1469 1320 1508 Christo,

1053 1514 1160 1545 mundi
1185 1523 1305 1555 quoque
1320 1514 1419 1546 fastus
1435 1516 1550 1554 abegit,

1010 1560 1182 1591 Aerumnas
1206 1561 1315 1600 populi

1053 1607 1265 1646 scelerumque
1290 1607 1420 1638 crimina
1440 1606 1538 1646 flevit,

1009 1650 1116 1683 Carnis
1142 1652 1269 1683 delicias

1054 1698 1186 1729 lascivas
1210 1700 1279 1738 ipse
1303 1698 1429 1739 fugavit.

980 1788 986 1793 .
1013 1760 1205 1794 Officialatus

1054 1808 1232 1847 praefectus
1256 1809 1290 1840 in
1314 1811 1500 1843 auctoritate

1010 1853 1123 1887 Servat
1142 1855 1295 1894 justitiam

1057 1910 1125 1933 cum
1148 1904 1309 1933 mansueta
1331 1903 1474 1944 veritato,

1007 1946 1064 1978 Jus
1087 1948 1198 1979 tribuit
1222 1950 1350 1989 cunctis,

1057 1995 1127 2033 pius
1151 1996 1264 2035 aegris,
1290 2004 1383 2035 asper
1406 1996 1529 2036 iniquis,

1009 2059 1140 2091 Actibus
1166 2060 1282 2103 Ivonis,

1059 2105 1190 2148 Christe,
1217 2107 1286 2139 fons
1301 2107 1426 2139 luminis
1444 2109 1553 2149 omnis,

1011 2152 1123 2184 Illuces
1147 2153 1271 2192 populis

1055 2199 1263 2240 tenebrasque
1286 2201 1427 2234 detrahis
1450 2202 1545 2246 orbis,

975 2271 982 2278 .
1009 2245 1090 2284 Quos
1117 2246 1208 2278 docet
1229 2247 1282 2279 hic
1306 2249 1345 2280 de
1368 2251 1401 2279 te

1059 2294 1171 2333 verbis,
1195 2294 1315 2326 meritis
1339 2295 1437 2328 trahit
1454 2296 1495 2329 ad
1512 2298 1552 2328 te.
