1679 2491
378 170 424 198 Ad
443 170 623 198 Benedictus.

193 225 233 257 A,
259 222 451 254 Anscharius
476 222 609 254 Domino

307 277 341 299 se
362 268 464 300 libans
491 269 584 300 corde
607 268 758 309 benigno:

259 314 351 346 Hanc
374 314 508 345 animam
534 314 712 347 commendo
736 314 806 355 tibi,

306 360 383 392 Jesu
405 360 467 399 pie,
493 361 584 399 dixit,

261 407 306 438 Et
328 405 435 438 flatum
459 406 584 437 mittens

306 452 338 484 in
364 452 481 484 coelica
504 452 620 492 gaudia
643 451 733 485 fudit.

996 172 1042 203 In
1067 174 1096 204 2.
1124 172 1335 210 vesperis.

1048 226 1092 253 Ad
1111 225 1285 261 Magnificat.

863 270 902 301 A.
927 268 1062 307 Respice
1085 277 1151 310 nos,
1177 271 1269 307 pater
1291 267 1456 307 Anschari,

975 316 1067 346 steila
1090 322 1183 346 aurea
1206 315 1315 354 nostri,

932 360 976 392 Et,
998 359 1080 392 facie
1103 360 1207 400 rutila,

976 415 1037 446 qua
1059 406 1154 438 solem
1179 406 1331 445 conspicis
1354 407 1460 445 altum,

929 452 1057 484 Illustra
1081 452 1226 484 tenebras

975 501 1108 538 nostras,
1131 499 1192 530 dux
1208 499 1286 530 lucis
1304 498 1345 530 ad
1361 500 1471 530 ortum.

270 572 353 599 Brev.
378 581 430 600 ms.
450 573 604 600 Bremense
629 580 702 600 saec.
732 571 773 600 15.
808 571 875 599 Ood.
896 571 1106 607 Oldenburgen.
1127 564 1172 599 36.
1191 572 1225 599 A.
1244 586 1282 591 --
1300 572 1402 598 Dium.
1421 579 1473 598 msc.

194 608 350 636 Bremense
370 618 443 637 saec.
467 607 509 637 15.
540 609 608 636 Cod.
627 610 757 637 Bremen.
779 608 801 635 C
820 607 864 636 60.
883 608 916 635 B.
937 623 974 628 —
988 608 1071 636 Brev.
1084 610 1236 636 Bremense
1255 610 1322 644 imp.
1338 608 1474 636 Coloniae

195 643 277 673 1486.
298 645 329 673 C.

270 683 327 710 Die
345 684 432 710 Form
460 683 552 710 dieses
573 681 734 715 Officiums,
763 681 813 709 das
837 683 891 708 mit
909 681 1010 708 Teilen
1033 683 1065 708 in
1082 683 1253 716 Reimprosa
1277 681 1356 709 stark
1378 684 1472 708 unter-

195 719 302 747 mischt
325 721 377 752 ist,
405 719 515 755 spricht
538 719 584 746 ffir
606 719 656 746 das
675 718 751 746 hohe
770 718 850 745 Alter
869 717 1026 745 desselben.
1064 718 1100 745 In
1118 716 1145 744 2.
1164 719 1241 745 Noct
1259 716 1279 744 Β
1300 716 1332 753 2,
1358 717 1378 745 4
1396 719 1474 745 subit

194 756 267 784 fehlt,
291 756 322 783 C.
348 769 386 775 —-
409 757 445 783 In
468 754 495 783 3.
513 757 597 784 Noet.
617 755 641 781 Α
665 753 697 790 2,
726 753 741 781 1
767 753 909 791 profideus
931 753 960 780 C.
980 768 1017 774 -
1036 754 1082 781 Ad
1099 754 1212 782 Laudes
1233 752 1255 780 Α
1284 753 1316 788 1,
1341 752 1358 780 2
1382 762 1474 789 agone

196 802 305 821 summo
327 792 356 820 C.

629 899 670 930 13.
709 899 751 930 De
770 899 874 930 saneto
895 899 1041 929 Ansuero.

333 989 379 1020 In
405 988 437 1020 1.
462 987 676 1025 Vesperis.

409 1049 601 1085 Antiphonae.

205 1108 237 1141 1.
263 1107 394 1147 Adesto,
419 1109 512 1146 pater
535 1105 662 1145 gloriae,

265 1152 377 1192 Nobis,
401 1156 438 1184 ut
460 1152 610 1184 victoriae

267 1199 392 1232 Laudes
416 1201 540 1230 tuorum
564 1200 736 1236 martyrum

267 1244 371 1284 Digne
394 1245 548 1283 possimus
571 1250 716 1282 promere

266 1290 403 1323 Ansueri
428 1292 460 1321 et
483 1290 549 1328 ejus
573 1289 736 1320 sociorum.

209 1353 240 1384 2.
270 1350 383 1383 Cordis
409 1358 447 1381 ex
471 1348 640 1380 secretario

269 1395 353 1427 Gens
378 1395 477 1428 omnis
502 1395 728 1434 symphonizat,

266 1442 349 1474 Nam
372 1443 406 1474 in
429 1443 585 1473 tormento
609 1440 697 1471 vario

268 1489 428 1520 Ansuerus
453 1487 660 1526 stephanizat.

210 1550 240 1583 3.
268 1548 411 1581 Goeleste
433 1547 618 1580 viridarium

267 1595 411 1628 Jucunde
435 1597 510 1626 tunc
533 1593 677 1632 stipatur,

269 1641 347 1673 Cum
371 1640 448 1672 felix
473 1648 531 1680 per
554 1638 739 1677 martyrium

267 1687 330 1720 Hic
353 1688 485 1719 mundus
508 1686 666 1725 irrigatur.

211 1751 243 1781 4.
268 1748 380 1787 Avete,
406 1747 507 1778 sancti
530 1748 694 1785 martyres,

268 1792 405 1826 Ansueri
430 1793 586 1831 comitiva,

269 1840 366 1873 Orate
389 1847 429 1870 ne
451 1848 509 1870 nos
533 1837 662 1869 febriies

268 1885 357 1918 Mors
381 1887 491 1925 tangat
513 1883 664 1915 recidiva.

213 1950 243 1980 5.
269 1947 385 1980 Sancte
407 1945 561 1982 Ansuere,

268 1992 395 2032 Martyr
418 1990 479 2022 Dei
503 1989 620 2031 inclite,

269 2039 346 2072 Cum
371 2037 432 2070 tuis
458 2035 651 2068 consortibus

269 2087 334 2119 Ora
356 2093 415 2124 pro
439 2084 529 2116 nobis
554 2081 706 2115 omnibus

201 2143 240 2175 R.
268 2143 374 2182 Pange
397 2142 484 2172 terra
507 2138 671 2171 Holsatiae

316 2187 441 2220 Nobilis
467 2189 499 2217 et
521 2193 681 2226 generosa,

268 2234 351 2267 Nam
376 2235 417 2266 de
438 2237 494 2266 tua
516 2231 667 2273 progenie

314 2281 439 2315 Prodiit
461 2280 577 2312 rubens
601 2286 683 2317 rosa,

929 985 1102 1024 Amuerus,
1127 984 1180 1023 qui
1203 984 1351 1016 nobiliter

972 1030 1023 1061 Ex
1047 1034 1079 1061 te
1103 1033 1277 1071 generatur,

929 1077 990 1109 Per
1014 1084 1104 1115 quem
1127 1076 1327 1107 ineffabiliter

929 1122 1032 1154 Multa
1055 1122 1212 1154 mirabilia

974 1168 1060 1199 Deus
1085 1170 1241 1207 operatur.

896 1238 903 1246 .
927 1213 979 1246 Ex
1002 1215 1090 1252 cujus
1113 1214 1218 1245 odoris
1243 1212 1412 1252 fraglantia

930 1259 1010 1291 Tota
1033 1259 1188 1291 redundat
1213 1259 1326 1291 slavia.

1052 1349 1097 1376 Ad
1114 1349 1290 1385 Magnificat.

898 1439 905 1447 .
932 1414 1070 1448 Sanetus
1092 1415 1268 1457 Aozsuerus,

932 1462 1085 1493 innocens
1109 1462 1148 1493 ab
1171 1461 1325 1503 infantia,

932 1509 1117 1540 mansuetus
1140 1507 1177 1538 in
1193 1507 1347 1549 pueritia,

929 1554 1052 1586 sobrius
1075 1554 1113 1585 in
1138 1554 1357 1595 adolescentia,

931 1602 1054 1632 secutus
1072 1602 1246 1639 parentum
1269 1600 1401 1640 vestigia

930 1647 1029 1678 tantis
1052 1646 1206 1678 virtutum
1228 1646 1369 1677 moribus

934 1695 977 1725 est
1008 1692 1201 1734 adornatus,
1238 1695 1274 1723 ut
1304 1700 1404 1731 usque
1435 1690 1480 1722 ad

1255 1739 1388 1769 aetatem

932 1784 1064 1827 virilem,
1092 1793 1156 1823 Qua
1172 1783 1311 1823 perfecte
1331 1782 1461 1824 vixerat,

931 1832 1059 1870 propter
1065 1838 1143 1862 suae
1145 1839 1170 1869 p
1174 1829 1350 1868 erfeecz'om's
1358 1828 1480 1860 culmen

928 1877 1032 1915 possit
1054 1877 1141 1908 beato
1164 1874 1224 1908 Job
1247 1875 1437 1914 comparari.

1002 1996 1062 2027 Ad
1086 1996 1346 2028 Matutinum.

1067 2070 1280 2097 Invitatorium.

937 2136 1017 2175 Regi
1041 2144 1147 2176 regum
1171 2135 1304 2167 Domino

983 2182 1088 2214 venite
1108 2181 1289 2223 jubilantes,

940 2228 999 2267 Qui
1022 2231 1146 2260 sanctos
1169 2229 1203 2260 in
1225 2229 1375 2269 martyrio

943 2296 949 2299 -
986 2274 1141 2307 confortat
1163 2276 1371 2316 agonizantes,
