1679 2491
226 167 263 199 V.
289 167 377 199 Bona
401 168 585 208 conjugatio,

289 213 375 246 Rosa
397 214 487 245 nubit
510 215 586 254 lilio,

293 258 426 291 Castitas
447 261 598 300 martyrio

335 305 540 346 Purpuraque
564 307 668 346 bysso.

410 370 456 397 Ad
473 370 650 406 Mag-nificat.

257 440 264 447 .
288 416 470 449 Exsultavit
493 418 621 457 spiritus

335 463 456 495 Mundo
479 464 650 503 morientis,

293 508 496 541 Consortatur
521 510 648 542 coelitus

337 556 374 587 In
399 564 497 596 agone
519 557 639 595 mentis,

289 599 358 632 Deo
382 602 491 633 laudes
516 602 648 641 replicat

336 647 484 678 Manibus
511 649 669 687 exstentis,

293 691 346 723 Sic
368 696 477 731 pastor
498 693 676 733 magnificat

338 738 495 770 Christum
518 740 551 770 in
576 740 748 773 tormentis

354 821 415 852 Ad
439 821 704 853 Matutinuni.

421 884 631 912 Invitatorium.

288 936 405 975 Regem
429 938 587 967 auctorem
610 937 745 967 onmium

332 982 456 1014 Laudet
481 981 592 1013 chorus
616 981 728 1021 fidelis,

287 1028 346 1066 Qui
370 1030 511 1059 sanetum
534 1027 751 1060 Eleutherium

335 1073 502 1106 Coronavit
525 1074 558 1105 in
584 1075 686 1106 caelis.

353 1158 399 1189 In
423 1157 456 1190 1.
480 1157 703 1189 Nocturno.

431 1220 623 1256 Antiphonae.

253 1296 261 1304 .
286 1272 456 1304 Declinans
482 1272 637 1304 consorcia

333 1318 416 1349 Puer
438 1318 612 1356 impiorum,

287 1364 333 1398 Ut
357 1364 450 1396 arbor
475 1364 599 1403 egregia

331 1410 482 1441 Fructum
506 1409 583 1441 fecit
604 1419 734 1442 morum.

252 1488 259 1496 .
286 1465 462 1497 Postulavit
484 1465 660 1506 Dominum,

330 1511 429 1543 Dedit
453 1512 482 1542 ei
505 1513 612 1551 gentes

287 1558 512 1596 Tornacenses,
539 1557 701 1590 criminum

330 1604 465 1635 Maoulis
488 1604 674 1643 squalentes.

251 1687 257 1694 .
284 1659 356 1692 Non
379 1659 511 1690 timebat
532 1659 682 1699 populum

331 1705 581 1737 circumdantem
606 1714 685 1746 eum,

285 1752 360 1792 Spei
384 1760 459 1783 suae
482 1752 626 1783 baculum

331 1797 461 1836 Semper
484 1798 603 1829 hahens
627 1797 750 1830 Deum..

423 1861 627 1895 Responsoria.

226 1910 259 1942 1.
282 1909 360 1941 Post
383 1909 574 1948 aliquantum
599 1908 733 1946 spatium

329 1953 381 1985 Ab
406 1962 504 1995 agone
528 1953 620 1993 Piati,

285 2002 360 2035 Cum
387 2001 536 2032 ebulisset
559 2000 687 2032 nimium

327 2047 504 2087 Turpitudo
527 2047 660 2086 peccati,

282 2093 415 2133 Quidam
439 2097 511 2125 sunt
533 2092 776 2126 Tornacensium

325 2141 364 2172 In
390 2140 513 2173 Christo
539 2139 734 2181 congregati3

213 2186 253 2219 V.
278 2187 327 2218 De
351 2195 503 2219 consensu
525 2186 665 2219 fidelium

282 2233 485 2272 Praeponunt
507 2233 722 2266 Eleutherium

326 2279 504 2312 Praesulem
530 2281 658 2313 civitati.

832 78 898 113 123
944 98 993 102 ——

902 175 932 206 2.
958 173 1032 205 Plus
1056 174 1218 205 horrentes
1244 174 1349 206 debito

1004 219 1196 252 Christianos
1220 229 1322 253 mores

957 264 1104 298 Infideles
1127 266 1205 298 inito

1005 313 1162 344 Consensu
1184 313 1318 351 majores

959 358 1084 389 Pellunt
1107 358 1184 390 urbe
1208 359 1310 391 subito

1004 403 1097 437 Fidei
1121 405 1274 444 cultores3

892 449 931 483 V.
957 448 1031 481 Sine
1056 450 1165 488 culpae
1187 451 1298 482 merito

958 495 1066 527 Sancti
1089 504 1183 527 censu
1206 497 1330 535 perdito

1002 541 1164 581 Linquunt
1185 542 1272 574 urbis
1297 542 1390 575 fores.

901 612 930 645 3.
956 610 1067 649 Aquae
1088 611 1204 642 multae
1227 620 1287 642 non
1310 615 1458 651 poterant

1003 656 1172 688 Fervorem
1193 658 1357 697 impedire,

957 702 1106 741 VirtuteS‚
1133 711 1209 741 quae
1233 704 1398 743 latuerant,

1001 748 1190 786 Inceperunt
1212 750 1350 787 prodire,

954 791 1082 824 Fideles
1105 794 1191 824 nulla
1214 797 1362 832 superant

1001 838 1072 869 Non
1096 841 1251 870 tormenta
1274 849 1334 871 non
1358 840 1447 879 irae·,

890 884 928 917 V.
953 883 1155 916 Blandinium
1180 886 1365 924 accelerant,

953 928 1002 960 De
1027 929 1148 961 fabrica
1173 931 1348 963 deliberant

1001 976 1142 1014 Prompti
1166 977 1233 1008 Deo
1258 979 1385 1009 servire.

1019 1104 1119 1136 1112.
1146 1105 1372 1137 Nocturno.

1098 1172 1289 1208 Antiphonae.

899 1229 928 1263 1,
954 1228 1058 1260 Aucta
1080 1229 1242 1261 tribulatio

1001 1274 1124 1306 Justum
1149 1276 1290 1307 dilatavit

954 1320 999 1353 Et
1020 1321 1053 1352 in
1078 1321 1231 1352 sacrificio

1002 1366 1124 1399 Christo
1148 1376 1182 1398 se
1205 1367 1316 1400 litavit.

899 1433 929 1464 2.
954 1431 1101 1463 Introivit
1124 1431 1250 1463 Domini

1000 1477 1163 1517 Templum
1185 1479 1218 1509 in
1242 1478 1361 1516 timore,

954 1522 1050 1561 Quem
1074 1527 1219 1555 vacantes
1245 1525 1395 1564 sanguine

1001 1569 1142 1602 Caedunt
1165 1579 1233 1602 cum
1257 1569 1370 1603 furore.

896 1635 927 1667 3.
953 1633 1035 1666 Laus
1059 1633 1202 1674 perfecta
1224 1634 1353 1674 profluit

997 1681 1060 1712 Per
1084 1689 1117 1711 os
1143 1681 1338 1722 confessoris,

951 1726 1151 1766 Indignatum
1177 1728 1310 1759 destruit

996 1773 1143 1804 Animum
1167 1774 1287 1806 ultoris.

1089 1854 1291 1889 Responsoria.

896 1909 926 1942 1.
951 1908 1083 1941 Sanctus
1109 1913 1236 1942 enervat
1260 1911 1345 1950 vitia,

951 1955 1033 1987 Dum
1060 1956 1161 1987 carnis
1187 1958 1381 1989 contumacia

998 2001 1148 2034 Subditur
1169 2003 1321 2043 servituti,

950 2047 1115 2081 Distillant
1139 2050 1205 2088 eJus
1229 2050 1314 2082 labia

950 2095 1125 2135 Praecepta
1147 2097 1324 2128 necessaria

995 2141 1152 2173 Fidelium
1176 2143 1279 2182 saluti,

883 2187 923 2222 V.
948 2186 1043 2227 Cujus
1066 2188 1143 2220 victi
1165 2190 1294 2221 solertia

950 2234 1113 2267 Pelluntur
1136 2236 1214 2267 urbe
1237 2237 1324 2276 regia

996 2281 1157 2314 Haeretici
1180 2284 1306 2317 versuti.
