1674 2492
644 83 898 119 ⁶237—

175 206 180 211 .
206 179 343 210 Aeterno
367 179 433 218 regi
457 180 571 217 paruit,

204 225 343 256 Terreno
368 227 400 255 et
423 226 619 264 complacuit,

207 271 287 302 Dum
311 271 424 302 bonum
451 271 506 303 dat
530 272 692 304 consilium

204 317 248 348 Et
271 316 365 348 fidele
386 317 576 356 obsequium.

172 418 178 424 .
203 391 338 423 Evoluto
362 394 433 429 post
454 394 595 430 tempore

201 437 247 469 Et
270 436 417 469 defuncto
439 439 581 470 antistite

203 484 298 522 Rege,
324 483 417 523 plebe
440 485 618 523 petentibus

204 531 259 562 Fit
281 533 372 569 pater
397 533 428 561 et
450 531 622 570 episcopus,

340 640 513 676 Responsori
518 649 542 668 a.

168 740 175 747 .
199 716 365 756 Congeries
390 716 475 756 gibbi

246 763 426 795 miseranda
449 762 597 803 gravabat
620 770 748 802 egenum

202 811 272 843 Jam
297 809 401 841 fuerat
421 809 530 848 juncta

247 856 376 895 genibus
393 856 540 894 Junctura
564 863 721 895 genarum,

167 926 174 933 .
199 902 322 935 Invenit
347 902 505 941 auxilium,

250 949 319 980 dum
345 949 432 980 venit
456 949 496 980 ad
521 947 680 979 tumulum.

169 1049 176 1055 .
201 1024 298 1055 Dives
323 1024 412 1055 homo
437 1023 583 1054 monstris

248 1068 412 1101 furialibus
438 1069 620 1108 exagitatus,

202 1117 297 1148 Flatu
319 1115 478 1156 pestifero,

251 1163 353 1194 vultus
378 1162 507 1194 horrore
530 1163 685 1201 gravatus,

171 1234 178 1241 .
203 1209 287 1241 Dum
311 1209 460 1240 ‘cumulum
485 1208 568 1240 visit.

250 1256 402 1287 laetitiam
426 1255 549 1295 repetit.

174 1356 180 1362 .
207 1330 370 1371 Signorum
395 1330 510 1361 virtute
532 1330 643 1368 potens

251 1377 432 1415 meritisque
458 1384 638 1407 corruscans

205 1423 250 1455 Et
272 1432 367 1462 super
391 1421 524 1453 afflictos

252 1470 335 1501 omni
357 1469 475 1508 pietate
499 1468 677 1500 redundans

206 1516 372 1548 Festicolis
398 1516 546 1547 miserere
570 1515 642 1553 tuis,

252 1562 411 1602 Suithune‚
437 1570 611 1601 precamur,

169 1633 176 1640 .
205 1609 350 1642 Goetibus
374 1609 523 1648 angelicis

252 1664 310 1695 per
332 1659 364 1687 te
385 1656 474 1695 jungi
498 1663 679 1687 mereamur,

294 1804 311 1836 1
319 1813 341 1834 n
364 1803 392 1835 L
400 1812 419 1834 a
428 1813 450 1834 u
460 1803 478 1835 d
489 1802 529 1833 ib
538 1813 558 1833 u
567 1812 591 1834 s.

348 1886 540 1921 Antiphonae.

173 1989 181 1996 .
205 1963 337 1997 Praesul
361 1961 540 2003 Suithunus,

252 2009 401 2042 virtutum
426 2008 573 2047 lampade
598 2007 709 2049 clarus,

204 2057 295 2089 Hanc
323 2057 466 2095 linquens
490 2055 586 2086 vitam

250 2104 375 2135 scandit
398 2103 439 2135 ad
464 2102 650 2134 aetheream.

818 180 848 211 2.

815 818 847 849 5.

805 1150 844 1182 A.

875 178 1058 218 Subreptum
1085 176 1144 209 sibi
1168 179 1254 208 'terra
1275 179 1394 215 patrem

917 225 1126 264 languensque
1149 223 1291 263 requirib‚

874 272 938 310 Quo
965 271 1090 303 concive
1113 270 1203 308 polus

918 317 1031 357 gaudia
1059 316 1140 348 festa
1163 315 1248 348 facit.

874 391 950 425 Cum
974 392 1059 423 locus
1085 391 1225 430 exiguum
1249 393 1414 429 premeret,

919 446 988 469 cum
1012 438 1075 469 vile
1097 438 1305 476 sepulchrum,

874 484 982 516 Gloria
1004 484 1152 516 virtutum

918 529 1136 570 magnificabah
1159 538 1236 561 eum.

872 604 1020 636 Omnibus
1043 603 1174 635 infirmis

915 649 1018 682 factus
1043 650 1199 682 medicina
1221 649 1354 681 salubris

870 698 983 730 Omnes
1009 700 1097 728 curat
1122 705 1173 728 eos

915 744 1055 782 pestibus
1080 752 1100 774 a
1123 743 1228 776 variis,

873 816 955 848 Laus
980 816 1048 855 tibi,
1073 825 1191 847 summe
1217 815 1308 855 Deus,

915 862 973 894 tibi
998 863 1076 893 coeli
1101 863 1207 893 concio
1232 861 1354 900 profert

873 908 1104 948 Suithunusque
1127 911 1234 947 pater:

918 956 985 986 laus
1010 955 1076 997 tibi,
1104 963 1221 986 summe
1244 954 1320 985 Deus

990 1083 1035 1111 Ad
1055 1083 1234 1110 Benedictus.

869 1150 1074 1182 Laetabuntla
1099 1150 1165 1182 <lies

918 1205 998 1228 anno
1023 1199 1168 1228 currente
1191 1195 1315 1235 revixit,

872 1243 995 1275 Gaudia
1018 1241 1099 1274 festa
1122 1241 1208 1282 facit,

917 1290 1068 1321 solemnia
1090 1291 1173 1321 laeta
1198 1288 1332 1329 reduxit,

872 1336 954 1368 Dum
979 1336 1103 1368 Domini
1126 1344 1233 1367 servus

918 1382 1086 1414 Suithunus
1111 1383 1152 1414 ad
1177 1383 1241 1414 alta
1265 1383 1402 1421 vocatur,

873 1429 925 1460 Ad
953 1437 1081 1468 superas
1106 1429 1196 1460 sedes

917 1475 1024 1507 mundi
1050 1476 1089 1506 de
1114 1476 1194 1508 valle
1215 1476 1345 1506 levatur.

939 1626 984 1656 In
1008 1626 1039 1658 2.
1065 1624 1277 1664 VesperiS.

992 1707 1037 1735 Ad
1055 1706 1231 1744 Magnificat.

873 1775 987 1814 Magne
1011 1776 1096 1806 sator
1119 1774 1236 1815 mundi,

920 1820 1103 1852 Suithunum
1126 1818 1342 1860 magnificasti,

874 1868 921 1899 Te
945 1875 1065 1907 quoque
1089 1867 1256 1901 Suithunus

919 1914 1019 1953 gloria
1041 1912 1227 1954 magnificat.

873 1961 968 1993 Illum
992 1961 1033 1992 <le
1054 1963 1142 1992 terra

920 2016 1032 2047 magna
1055 2008 1170 2039 virtute
1193 2008 1314 2048 levasti,

875 2054 1031 2094 Quemque
1054 2054 1139 2086 levas
1165 2055 1259 2094 coelo,

921 2101 1022 2140 gloria
1044 2110 1155 2142 magna
1178 2102 1246 2134 tibi,

213 2197 297 2224 Brev.
316 2196 504 2224 Nidrosiense
524 2195 592 2230 imp,
612 2194 735 2221 Parisiis
755 2191 836 2221 1519.
858 2209 893 2212 —
910 2193 990 2227 Imm,
1009 2192 1027 2222 3
1048 2202 1100 2221 ceu
1119 2195 1300 2230 complacuit.
1324 2209 1360 2214 —-
1384 2196 1421 2223 In

137 2234 164 2262 2.
177 2235 260 2263 Noct.
274 2231 297 2260 Α
315 2232 338 2267 1,
358 2231 376 2261 3
389 2232 586 2268 Hyliusthano
607 2230 750 2267 pontifice.
765 2247 800 2251 —
813 2231 848 2258 In
862 2229 888 2259 3.
901 2231 985 2259 Noct.
999 2231 1021 2258 Α
1042 2229 1067 2265 2,
1089 2230 1106 2258 2
1120 2234 1148 2260 et
1160 2232 1238 2261 fehlt.
1253 2247 1291 2251 —
1311 2232 1331 2260 R
1354 2232 1377 2266 1,
1402 2232 1420 2260 2

136 2271 301 2301 miseranda
320 2273 440 2308 aggerat
461 2271 546 2306 egesi.
