1656 2491
214 291 243 322 1.

212 1767 249 1800 V.

702 90 954 124 -148—

328 186 374 216 In
399 185 429 217 1.
455 183 675 218 Nocturno.

407 243 595 277 Antiphonae.

268 289 303 322 In
329 289 473 329 Folquini
495 291 598 319 mente
620 296 710 320 sacra

269 335 397 374 Semper
420 334 480 366 fuit
502 335 554 365 lex
579 335 692 374 divina,

268 381 361 413 Unde
384 379 516 411 fructum
540 380 712 412 sanctitatis

268 427 305 459 In
329 430 466 465 tempore
493 434 547 457 suo
574 426 668 459 dedit.

237 506 243 512 .
270 481 329 514 Hic
353 480 497 512 studebat
521 482 553 512 in
577 481 688 512 timore

269 527 347 566 Regi
371 527 492 558 Christo
519 527 686 567 deservire,

270 572 474 612 Disciplinam
498 574 744 614 apprehendens,

269 618 359 649 Viam
379 621 494 656 justam
517 629 579 650 non
601 619 787 659 relinquens.

237 699 244 706 .
270 674 467 706 Invocantcm
493 674 650 705 exaudivit

271 719 417 751 Sanctum
442 728 539 759 suum,
565 729 654 759 quem
680 720 798 760 dilexit,

271 766 353 798 Hinc
373 765 438 803 jam
461 765 559 803 nobis,
585 774 649 804 rex,
676 767 801 805 placare

270 811 318 843 Eo
343 810 400 842 tibi
424 812 625 849 supplicante.

271 866 375 897 Verba
397 875 452 897 sua
477 874 513 896 ac
538 866 701 898 clamorem

271 912 332 944 Dei
355 909 480 942 flectens
505 913 545 943 ad
567 920 701 944 amorem

273 957 404 989 Domum
428 959 492 996 ejus
516 957 668 996 introivit,

272 1004 410 1035 Adstans
434 1003 479 1033 ibi
503 1011 605 1042 regem
631 1004 738 1035 cernit.

243 1085 251 1093 .
275 1058 395 1090 Nomen
418 1060 513 1097 tuum,
538 1067 556 1088 0
579 1058 720 1098 Domine,

275 1104 370 1141 Quam
396 1106 441 1134 est
466 1104 582 1135 cunctis
607 1104 758 1143 mirabile,

273 1149 341 1191 Qui,
367 1157 456 1187 quem
479 1150 544 1181 vita
569 1150 732 1188 decorasti,

277 1195 368 1226 Coelo
395 1195 518 1234 dignum
543 1195 726 1227 sublimasti.

244 1271 250 1277 .
276 1245 472 1284 Aequitatem
496 1247 598 1277 vultus
620 1245 681 1277 Dei

274 1291 352 1329 Quia
374 1292 460 1322 novit
484 1292 694 1332 contemplari,

275 1336 367 1369 Hunc
389 1336 422 1367 in
444 1340 548 1368 monte
571 1339 676 1369 sancto
700 1337 804 1377 palma

275 1382 405 1414 Laetum
432 1383 509 1414 ditat
533 1384 727 1422 sempiterna.

409 1446 610 1480 Responsoria.

242 1517 249 1524 .
275 1493 367 1526 Ortus
391 1492 477 1523 clara
498 1500 575 1531 puer
598 1496 723 1524 sanctus

318 1537 486 1576 Folquinus
510 1540 656 1577 prosapia

277 1583 464 1616 imbuendus
488 1584 627 1615 liberalis

323 1630 481 1661 doctrinae
508 1631 638 1662 scientia

275 1675 377 1708 Datur
400 1676 523 1717 scholis,
548 1679 620 1715 post
642 1677 797 1708 nonnuliis

321 1719 501 1760 profuturus
525 1723 657 1764 populis,

275 1767 442 1800 Derelictis
466 1777 485 1798 a
507 1776 641 1808 superna

323 1813 344 1845 J
346 1822 398 1845 esu
424 1813 539 1845 Christi
563 1816 671 1853 gratia.

224 1866 255 1896 2.
280 1864 316 1897 ΙΙ]
321 1865 398 1896 dolis
424 1864 552 1896 eximiae

325 1920 415 1941 sacra
440 1912 582 1950 dogmata
605 1911 820 1952 philosophiae

282 1957 326 1989 Ut
349 1957 482 1995 primum
507 1958 597 1997 cepit,

322 2003 368 2033 nil
391 2003 499 2034 mundi
523 2004 635 2043 gaudia
660 2004 758 2043 duxit,

219 2049 256 2081 V.
282 2048 362 2080 Tota
384 2049 499 2080 virtute
522 2052 665 2089 satagens

224 2148 253 2179 3.

328 2095 397 2134 tibi,
421 2095 554 2137 Christe,
576 2097 711 2135 placere.

279 2146 331 2178 Ad
356 2146 493 2185 regimen
517 2150 624 2179 sancto

325 2193 453 2231 pietatis
477 2202 582 2225 amore
604 2196 713 2226 vocato

283 2238 468 2272 Cunctorum
489 2241 569 2272 votis

330 2286 422 2318 datur
443 2284 547 2318 infula
568 2285 765 2325 pontificalis

862 180 901 214 V.
925 180 1082 211 Virtutum
1107 175 1207 205 clarus

972 224 1072 255 titulis
1097 220 1215 252 athleta
1237 216 1345 247 beatus

928 270 1046 304 Ordine
1071 262 1306 299 Melchisedech

973 317 1035 347 rite
1057 315 1177 345 locatur
1201 310 1241 342 ad
1263 309 1350 339 haec.

874 375 905 407 4.
932 371 1123 405 Constitutus
1145 367 1180 397 in
1203 361 1328 396 sublimi

975 415 1152 456 speculator
1174 409 1301 443 Domini

931 465 1053 497 Clamat
1076 459 1180 492 verbis
1203 460 1234 488 et
1258 453 1407 492 exemplis

977 512 1008 539 et
1031 507 1191 540 salvantur
1215 500 1350 542 plurimi,

897 582 904 589 .
929 555 1151 591 Ecclesiaeque
1177 550 1269 580 decus

976 600 1067 632 simul
1087 596 1228 629 omnibus
1246 591 1348 625 omnia
1363 589 1474 621 factus.

994 702 1040 733 In
1064 702 1095 732 2.
1121 698 1345 731 Nocturno.

1075 766 1265 803 Antiplmnae.

873 830 902 861 1.
929 826 982 859 Ad
1008 826 1091 856 hunc
1114 825 1249 854 montem
1274 818 1433 857 suspirare

930 873 996 904 Fac
1023 879 1091 909 nos,
1123 867 1250 909 praesul
1273 864 1476 902 sanctissime,

932 919 977 950 Ut
1001 922 1108 948 exutos
1135 922 1226 946 carne
1251 919 1341 952 gravi

932 963 1081 1002 Excipiet
1103 962 1175 993 aula
1200 959 1288 991 coeli.

903 1047 909 1052 .
936 1020 1039 1051 Vitam
1065 1018 1092 1047 ei
1119 1014 1291 1048 dulcedinis

933 1063 1086 1096 Tribuisti
1107 1063 1142 1093 in
1165 1059 1318 1100 supernis,

934 1109 1174 1149 Longitudinem
1200 1108 1319 1139 dierum

936 1157 1063 1188 Donans
1088 1162 1177 1186 omne
1199 1161 1257 1192 per
1281 1150 1447 1182 saeculum.

900 1237 907 1244 .
932 1212 993 1243 Hic
1016 1211 1149 1242 animam
1175 1209 1277 1240 adhuc
1300 1207 1408 1237 vivens

934 1258 1005 1289 Non
1029 1257 1061 1287 in
1085 1264 1164 1287 vano
1190 1253 1346 1292 accipiens

934 1303 1025 1334 Nunc
1049 1312 1068 1333 a
1091 1301 1158 1333 Deo
1184 1299 1314 1332 salutari

936 1349 997 1381 Suo
1021 1348 1137 1388 gaudet
1160 1346 1312 1378 coronari.

903 1430 910 1437 .
936 1404 1042 1437 Omnis
1066 1405 1152 1434 terra
1173 1402 1242 1433 Deo
1267 1401 1372 1431 cantet

935 1451 979 1482 Et
1004 1458 1073 1480 cum
1096 1448 1211 1480 sanctis
1235 1446 1403 1479 annunciet

935 1497 974 1528 In
996 1495 1120 1535 populis
1146 1495 1213 1533 eius
1235 1493 1327 1532 mira,

936 1543 1023 1574 Inter
1048 1543 1154 1581 gentes
1178 1539 1343 1579 magnalia.

905 1622 912 1629 .
936 1598 1060 1635 Regnat
1081 1596 1168 1627 Deus
1191 1596 1225 1626 in
1250 1596 1419 1631 aeternum,

938 1643 1030 1682 Cujus
1054 1644 1101 1673 est
1123 1650 1191 1672 cum
1208 1641 1324 1672 sanctis
1341 1648 1481 1680 regnum,

938 1689 1032 1722 Unde
1054 1687 1122 1728 tibi,
1148 1697 1165 1719 o
1190 1687 1354 1725 Folquine,

937 1735 1007 1766 Lux
1031 1737 1100 1766 orta
1124 1735 1171 1765 est
1198 1733 1345 1764 laetitiae.

905 1815 912 1822 .
938 1791 975 1822 In
1001 1792 1168 1829 conspectu
1193 1789 1304 1820 summi
1327 1788 1410 1827 regis

940 1836 1109 1870 Jubilando
1134 1838 1260 1867 sanctus
1283 1834 1415 1876 plaudit,

941 1883 1025 1914 Hinc
1049 1884 1172 1913 cantate
1196 1881 1396 1920 exsultantes,

941 1929 979 1960 ln
1003 1929 1124 1960 cithara
1145 1928 1299 1967 psalmum
1323 1928 1444 1959 dantes.

1082 2001 1284 2037 Responsoria.

889 2056 917 2088 1.
945 2054 1001 2086 Vir
1024 2053 1133 2086 beatus
1158 2054 1258 2085 sancti
1282 2053 1404 2093 glebam

991 2101 1162 2133 Audomari
1183 2100 1326 2131 inclitam

948 2147 1042 2179 Dolet
1065 2148 1187 2185 captam
1211 2155 1342 2187 sequens
1368 2156 1446 2185 eam,

991 2193 1048 2225 sed
1071 2201 1207 2232 superna
1229 2193 1330 2233 pietas

949 2241 1067 2279 Corpus
1092 2240 1204 2272 sistens
1229 2241 1334 2272 hostes
1359 2238 1448 2280 fugit,

992 2287 1067 2319 hinc
1089 2287 1215 2326 praesul
1240 2287 1404 2327 tripudiat.
