1679 2491
700 69 929 103 —17-

208 190 213 197 .
236 162 447 196 Fremuerunt
469 164 587 195 terreni
610 163 779 206 principes,

236 209 437 240 Adstiterunt
462 213 494 240 et
517 218 606 249 reges
629 209 728 248 impii,

237 255 321 286 Dum
329 259 483 286 noverunt
489 255 605 288 Christi
613 255 784 294 participes

236 300 349 332 Fortes
372 308 441 332 esse
464 301 622 341 triumpho
646 301 768 339 proelii.

205 386 212 394 .
237 360 422 391 Invocantes
448 360 580 399 gratiam

284 405 424 438 Christus
455 406 624 444 exaudivit,

238 451 320 489 Quos
344 455 466 491 partem
490 451 644 491 egregiam

284 497 352 529 Sibi
376 497 573 536 conquisivit.

204 582 213 589 .
238 557 399 589 Intellexit
421 560 495 588 vota
517 556 667 595 fidelium,

237 604 372 642 Quorum
385 602 473 635 flexit
492 603 610 642 rigores
623 602 782 644 mentium,

236 649 416 680 introibunt
439 649 471 680 in
498 650 621 681 domum
644 649 782 689 Domini,

237 694 433 733 Sempiterno
455 695 607 734 ,iungendi
629 695 748 728 lumini.

202 779 209 787 .
236 754 351 786 Christi
376 763 488 785 nomen
510 754 653 786 mirabile

236 801 390 833 Fatentur
416 802 496 832 dena
518 800 616 839 milia,

239 846 333 886 Cujus
357 846 587 886 magnificentia

236 892 318 924 Fide
341 892 446 925 firmat
471 902 524 924 cor
547 892 651 932 labile,

238 938 294 970 Cui
318 939 364 969 nil
388 939 581 978 impossibile

237 985 322 1016 Mira
347 985 425 1017 coeli
451 985 528 1016 dans
552 985 700 1023 praemia.

202 1069 209 1076 .
235 1044 351 1076 Passus
372 1044 451 1075 <lura
473 1043 588 1076 florens
605 1044 759 1075 exercitus

236 1091 317 1123 Fide
336 1091 417 1121 mira
439 1090 612 1121 mundanos
632 1089 782 1129 strepitus

283 1136 458 1178 Superavit,

233 1182 792 1224 UtargentumprobatumspIenduit,

235 1228 329 1266 Quem
342 1228 429 1259 nulla
441 1227 514 1259 faex
530 1229 651 1266 peccati
668 1227 781 1266 polluit

280 1276 343 1305 Aut
369 1273 512 1305 fuscavit.

375 1355 577 1391 Responsoria.

199 1435 207 1443 .
235 1411 411 1444 Gloriosum
436 1420 531 1451 genus
556 1411 696 1448 militiae,

230 1457 364 1489 Florens
375 1457 464 1489 tionis
475 1457 638 1489 mirandae
650 1457 778 1500 gratiae,

231 1503 366 1536 Mortem
393 1503 477 1535 subit
502 1505 616 1536 durans
640 1504 674 1535 in
698 1503 765 1535 acie

278 1551 339 1582 Pro
364 1558 438 1589 rege
461 1550 587 1590 gloriae.

195 1628 203 1636 .
231 1605 349 1638 Christi
370 1606 509 1637 ludibria
533 1606 605 1637 tulit
630 1605 751 1645 eximie,

230 1652 338 1684 Crucis
347 1651 611 1691 insigniagestans
617 1661 679 1684 non
687 1652 779 1684 anxie

275 1699 337 1730 Pro
362 1706 436 1738 rege
459 1698 586 1737 gloriae.

173 1763 180 1769 ·
197 1778 204 1786 .
229 1754 359 1786 Florem
382 1754 490 1785 mundi

275 1801 397 1839 sprevit
418 1801 497 1832 haec
522 1800 628 1832 concio

228 1845 430 1877 Millenorum

275 1891 339 1923 fide
363 1891 550 1931 firmissima,

229 1938 375 1970 Gloriosa

274 1984 390 2016 Christi
415 1985 591 2025 praeconio,

227 2031 365 2064 Caritate

272 2076 397 2110 fervens
422 2078 625 2116 amplissima.

157 2135 197 2168 V.
222 2134 294 2165 Non
319 2134 400 2165 hauc
425 2132 525 2165 flectit

271 2181 397 2220 quaevis
422 2180 597 2220 promissio,

224 2227 296 2260 Non
320 2227 423 2259 illexit

267 2273 367 2307 fallax
391 2273 520 2307 ambitio

212 2332 338 2358 Dreves.
354 2332 474 2356 Historiae
488 2331 640 2360 rhythmicae.
669 2331 700 2354 Π.

905 162 975 194 Nec
996 161 1146 193 seducens

953 208 1038 240 fraus
1062 207 1264 247 iniquissima,

908 253 1045 285 Caritate

952 299 1076 331 fervens
1101 299 1301 338 amplissima.

848 356 881 388 3.
906 354 1023 386 Summi
1044 355 1126 394 regis
1150 362 1281 392 sequens
1298 356 1430 395 vestigia

905 401 1063 433 Passionis
1086 399 1227 439 praefert
1248 400 1391 440 insignia,

905 446 1100 486 Flagellatur
1122 445 1215 477 beata
1236 446 1328 486 legio,

906 491 1136 524 Condemnatur
1154 492 1254 523 crucis
1270 494 1450 532 opprobrio.

841 538 877 571 V.
904 538 928 571 O
954 547 1045 577 quam
1070 536 1145 569 felix
1169 538 1239 577 ipsa
1262 539 1403 579 societas,

905 584 1001 622 Quam
1010 592 1178 623 poenarum
1186 584 1450 623 probatvarietas.

849 641 881 673 4.
906 639 1014 671 Turba
1039 639 1186 671 denorum
1209 639 1328 671 milium

906 684 1021 717 Christi
1045 685 1160 717 virtute
1184 683 1310 717 fortium

906 730 1044 764 Centena
1068 730 1156 772 fugat
1178 732 1265 763 milia

901 777 1021 809 Montis
1047 777 1162 809 excelsi
1184 777 1304 809 vertice

902 823 1014 855 Fidem
1039 824 1123 862 capit
1146 823 1276 855 mirifice

951 870 1035 901 Mira
1058 869 1117 900 Dei
1145 870 1315 902 elementia.

839 926 876 956 V.
903 926 1004 958 Curae
1028 924 1087 956 fuit
1110 925 1268 964 angelicae

903 971 997 1003 Fidei
1020 972 1120 1002 claros
1143 973 1233 1010 apice

953 1016 1068 1049 Christi
1094 1018 1205 1049 docere
1229 1018 1342 1050 munia.

969 1119 1015 1150 In
1038 1120 1070 1150 2.
1096 1119 1321 1153 Nocturno.

1050 1182 1240 1217 Antiphonae.

848 1240 878 1271 1.
906 1239 991 1270 Coeli
1014 1239 1215 1270 tabernacula

949 1285 1106 1322 Martyres
1131 1287 1297 1324 merentur,

904 1330 962 1368 Qui
986 1329 1090 1362 Jesum
1115 1338 1173 1369 per
1196 1331 1321 1363 saecula

951 1376 1032 1407 Vere
1056 1376 1249 1408 confitentur.

845 1434 875 1464 2.
901 1432 938 1463 In
964 1431 1040 1463 coeli
1065 1431 1188 1471 pascuis

947 1477 1033 1509 Deus
1058 1478 1222 1510 collocavit

903 1523 1033 1555 Sanctos
1057 1524 1246 1563 praecipuis,

948 1570 1029 1608 Quos
1053 1569 1239 1603 mirificavit.

845 1628 877 1659 3.
900 1626 1076 1665 Exsultate,
1102 1626 1258 1664 praeclari
1273 1626 1398 1667 milites,
1439 1657 1442 1660 .

900 1672 1044 1711 Namque
1062 1672 1152 1704 decet
1176 1681 1230 1703 vos
1250 1672 1446 1714 collaudatio,

898 1718 1003 1758 Digna
1026 1718 1127 1749 laudis
1154 1717 1345 1757 vociferatio,

902 1764 1020 1797 Summi
1039 1765 1139 1803 patris
1164 1764 1196 1795 in
1210 1772 1304 1803 regno
1324 1765 1444 1797 divites.

1039 1847 1241 1881 Responsoria.

842 1904 872 1935 1.
900 1902 973 1940 Quis
997 1904 1033 1933 ut
1052 1911 1177 1941 passum

946 1948 1103 1980 Christum
1127 1948 1173 1980 sic
1197 1950 1345 1990 sequitur,

897 1995 979 2034 Quos
1003 1993 1111 2027 feralis

944 2044 1047 2072 turma
1068 2043 1275 2083 persequitur,

894 2087 1011 2128 Nudat,
1038 2088 1132 2127 angit,

942 2132 1046 2175 flagris
1067 2135 1251 2177 insequitur,

896 2179 1000 2220 Spinis
1024 2189 1130 2221 regum

939 2227 1028 2267 jussa
1051 2228 1230 2269 exsequitur

988 2275 1031 2306 Et
1054 2284 1146 2307 cruce
1168 2276 1324 2308 terminat.

1257 2329 1273 2357 2
