1679 2491
315 173 362 205 In
388 175 419 205 2.
444 172 670 208 Nocturno.

396 236 588 272 Antiphonae.

196 296 227 327 1.
253 295 332 328 Dolo
357 300 443 328 caret
465 298 567 328 sancti
589 299 655 330 vita

297 343 430 374 veritate
453 344 569 380 lucida,

249 387 343 420 Unde
366 388 440 420 Sion
465 389 578 420 montis
602 396 711 421 nactus

296 437 343 465 est
367 443 450 466 nunc
473 435 684 469 tabernacula.

191 495 223 525 2.
251 492 361 526 Cordis
387 495 452 534 ejus
476 496 667 527 voluntatem

295 540 443 580 tribuisti,
469 541 612 579 Domine,

250 585 435 618 Coronando
461 596 530 618 eum
555 587 647 626 digne

296 641 410 664 corona
430 633 578 665 laetitiae.

191 693 222 725 3.
249 693 452 724 Innocentum
475 692 537 723 iter
560 701 691 731 sequens

295 738 391 769 animi
413 738 569 769 munditia

247 785 345 817 Jacob
371 784 456 816 scala
479 783 675 815 Hierusalem

294 839 394 862 novae
418 830 543 861 scandit
563 830 695 862 moenia.

192 893 222 923 4.
249 890 468 929 sequestratus
493 899 512 920 a
532 890 675 929 malignis

297 937 398 976 dignis
423 937 506 967 vitae
528 936 666 967 moribus

247 982 361 1014 Eidem
387 986 556 1020 conregnat
580 982 676 1020 coelo,

297 1028 384 1068 cnjus
409 1028 511 1060 haesit
532 1028 688 1060 laudibus.

190 1091 222 1122 5.
248 1089 461 1127 Supernorum
482 1088 673 1127 jucundatur

296 1138 447 1166 concentu
471 1134 660 1172 hymnidico,

250 1185 346 1219 Quem
370 1181 402 1211 in
427 1180 520 1211 terris
545 1180 752 1219 promerendo

295 1226 473 1264 suspirabat
498 1227 611 1257 animo.

191 1289 221 1320 6.
247 1287 355 1318 Arbor
380 1286 491 1317 cedrus
515 1290 551 1316 ut
574 1286 671 1317 odora

296 1331 453 1371 fraglabat
475 1331 642 1362 virtutibus

247 1378 349 1410 Nocte
375 1379 425 1409 die
448 1377 620 1409 insistendo

296 1424 410 1456 divinis
434 1423 590 1463 operibus.

385 1516 588 1550 Responsoria.

194 1575 219 1606 l.
247 1573 379 1611 Quidam
405 1572 534 1603 claudus
557 1575 643 1602 tactu
667 1571 767 1602 sancti

296 1618 450 1657 praesulis
476 1618 605 1657 erigitur

246 1665 290 1696 Et
314 1673 354 1696 ex
377 1673 456 1703 aqua
480 1665 563 1695 lotae
586 1672 695 1694 manus

291 1711 397 1742 multis
422 1710 505 1741 salus
529 1710 684 1747 redditur,

179 1758 217 1790 V.
243 1758 325 1789 Erat
348 1757 429 1787 enim
453 1764 509 1794 pes
532 1756 702 1795 lapsorum,

291 1803 484 1834 infirmorum
509 1802 646 1834 baculus,

188 1861 219 1891 2,
245 1859 346 1890 Hoste
371 1861 477 1897 captos
502 1857 534 1887 in
560 1858 660 1888 eundo

290 1905 378 1944 signo
405 1904 505 1935 crucis
531 1903 637 1942 expiat

244 1951 288 1982 Et
312 1950 453 1983 credenti
476 1950 599 1981 mulieri

292 1998 405 2029 absens
427 1997 531 2028 lumen
555 1999 693 2034 reparat,

175 2046 215 2077 V.
240 2044 338 2076 Fides
365 2045 446 2075 enim
471 2042 608 2075 faciebat

289 2100 359 2122 eum
383 2090 451 2122 Deo
476 2090 659 2129 proximum.

185 2150 215 2181 3.
241 2148 390 2179 Matrona
413 2145 567 2186 quaedam
589 2144 732 2175 manibus

288 2193 484 2234 pedibusque
509 2192 621 2223 debilis

241 2242 286 2273 Et
308 2241 433 2279 privata
456 2240 527 2270 luce
550 2238 625 2270 solis

303 2287 483 2326 patentibus
509 2285 606 2317 oculis

232 2347 354 2371 Drevus,
369 2344 488 2367 Historiae
502 2342 654 2370 rhythmicae.
683 2341 715 2364 11.

802 83 844 118 81

918 176 1028 207 Virum
1051 176 1113 207 Dei
1134 176 1209 207 licet
1232 177 1344 208 absens

966 220 1027 254 fide
1052 223 1144 260 plena
1167 223 1259 261 petiit

919 268 971 304 Et,
998 277 1015 299 o
1039 269 1119 300 mira
1144 268 1258 300 Christi
1282 269 1391 307 virtus,

967 314 1068 345 subito
1094 314 1264 353 convaluit3

883 384 890 391 .
916 359 985 391 Lux
1009 359 1141 398 refulsit,
1169 361 1274 392 valens
1296 360 1456 398 membris,

962 414 1024 437 non
1048 407 1169 445 nigrata
1194 406 1321 444 exstitit,

916 450 979 483 Sed
1002 455 1168 490 patronum
1189 461 1263 483 mox
1279 453 1367 491 adiit,

965 500 1069 536 grates
1094 498 1166 537 egit,
1192 499 1293 529 rediit.

884 575 891 582 .
917 551 1011 583 Miles
1037 552 1152 585 Christi
1176 553 1318 592 gloriose,

964 598 1076 629 Bonite
1099 599 1302 637 sanctissime,

917 643 984 674 Tuo
1007 644 1060 682 pio
1084 644 1261 675 interventu

968 689 1075 727 culpas
1099 693 1221 721 nostras
1245 690 1346 728 ablue,

885 756 892 764 .
917 734 964 766 Ut
988 734 1131 765 coelestis
1154 736 1242 774 regni
1265 736 1370 766 sedem

966 780 1121 811 valeamus
1146 781 1306 812 scandere.

985 899 1029 931 In
1056 901 1085 933 3.
1113 899 1333 932 Nocturno.

1062 963 1108 989 Ad
1128 962 1254 990 Cantica.

885 1048 891 1055 .
916 1022 962 1055 In
976 1024 1137 1062 sapientia
1148 1024 1211 1055 Dei
1222 1033 1342 1062 semper
1352 1033 1459 1056 mora-

916 1071 967 1100 tus
991 1073 1036 1100 est
1058 1077 1147 1101 sacer
1156 1069 1289 1108 praesul
1303 1071 1461 1102 Bonitus:

920 1114 986 1146 Ideo
1011 1115 1096 1146 baua
1117 1114 1204 1147 *illius
1227 1116 1368 1148 stabilita
1385 1119 1460 1147 sunt

919 1160 954 1190 in
965 1160 1087 1193 Christo
1105 1165 1133 1193 et
1149 1161 1357 1202 eleemosynas
1371 1161 1458 1192 illlus

916 1208 1079 1238 enarrabit
1107 1208 1210 1239 omnis
1233 1207 1359 1239 ecclesia
1382 1217 1458 1239 san-

918 1255 1048 1284 chorum.

1056 1320 1259 1355 Responsoria.

883 1400 891 1407 ,
917 1376 1048 1408 Romam
1071 1376 1173 1407 tendit
1198 1376 1271 1408 dum
1295 1376 1402 1408 beatus

961 1423 1011 1454 vir
1034 1423 1145 1454 orandi
1168 1423 1277 1461 gratia,

915 1467 994 1506 Ejus
1018 1476 1111 1507 prece
1135 1477 1190 1499 rex
1213 1467 1316 1500 fidelis

953 1523 1027 1545 usus
1052 1518 1100 1546 est
1124 1515 1263 1556 victoria,

885 1587 890 1593 .
915 1558 978 1591 Per
1002 1560 1083 1592 hunc
1108 1564 1139 1591 et
1161 1570 1217 1592 nos
1235 1561 1458 1600 triumphemus

965 1615 1032 1637 cum
1058 1607 1181 1640 Christo
1204 1608 1237 1638 in
1262 1608 1370 1646 gloria.

860 1667 888 1693 ⁴.
916 1661 1068 1693 Theoriae
1092 1664 1198 1693 volens
1223 1664 1347 1693 sanctus

961 1716 1074 1739 vacare
1096 1709 1235 1745 liben'us,

915 1756 1101 1786 Successore
1125 1754 1291 1792 subrogato

962 1804 1009 1831 est
1034 1800 1158 1831 effectus
1182 1799 1359 1841 monachus,

879 1870 886 1877 .
913 1846 1057 1877 Sanctior
1080 1849 1115 1876 ut
1138 1849 1262 1876 sanctus

959 1892 1069 1922 melior
1091 1890 1243 1931 fieretque
1264 1892 1384 1925 beatus·

880 1970 888 1978 .
914 1947 1013 1978 Orans
1036 1950 1127 1978 nocte
1150 1947 1199 1977 vir
1223 1946 1331 1978 beatus

961 1993 1039 2024 coeli
1063 1993 1142 2024 vidit
1165 1993 1296 2034 agmina,

914 2039 1031 2077 Quibus
1055 2039 1165 2071 summi
1189 2041 1359 2072 sacerdotis

959 2085 1085 2117 exhibet
1108 2084 1221 2124 officia,

878 2155 885 2163 .
911 2132 1014 2163 Adest
1037 2133 1128 2163 simul
1153 2136 1184 2163 et
1206 2132 1310 2165 Maria

957 2187 1026 2209 cum
1051 2188 1108 2210 sua
1129 2178 1259 2211 familia.

879 2260 886 2267 .
912 2234 961 2266 De
984 2235 1100 2266 virtute
1122 2236 1154 2267 in
1179 2237 1335 2275 virtutem,

959 2281 1092 2321 gloriose
1117 2282 1268 2321 pontifeX.

1273 2338 1289 2364 6
