1656 2491
748 68 997 101 -252—

252 167 283 198 3.
308 165 421 197 Inclita
443 165 608 203 praecipue

354 214 425 242 sunt
462 212 539 242 haec
576 209 762 241 monimenta
796 209 845 247 ju-

625 257 746 295 ventae,

309 303 369 335 Vix
392 304 514 342 poterat
537 300 596 333 fari

353 349 517 387 redditque
540 349 620 379 diem
642 347 773 378 mulieri.

253 425 283 454 4.
310 422 372 453 Istc
393 430 468 460 puer
491 421 573 461 talis,

348 468 412 507 jam
437 470 517 499 totus
541 467 720 507 spiritualis,

308 513 437 545 Discere
460 514 628 553 quaerebat

350 559 393 598 id,
420 560 500 599 quod
524 560 680 598 scriptura
703 559 833 598 tegebat.

251 634 280 664 5.
305 632 440 671 Angelus
463 633 503 664 ad
527 635 630 664 votum

351 681 443 709 noctu
468 679 521 710 dat
542 678 576 709 in
601 678 709 710 ordine
727 680 843 719 notum,

307 723 371 761 Quo
395 727 513 763 pergat,
538 724 612 763 quid
636 727 715 765 agat,

351 770 406 801 sub
431 779 489 809 quo
515 770 641 802 doctore
664 771 809 810 quiescat.

252 845 282 875 6,
306 843 358 874 Sic
379 845 451 882 post
471 844 648 875 Remaelum

348 889 443 920 Metis
456 890 613 921 subeundo
624 889 842 930 Glodulphum,

306 934 388 966 Dum
411 935 494 966 redit
515 936 692 974 instructus,

350 984 471 1012 sanctos
486 981 591 1012 studet
607 981 699 1012 edere
713 980 842 1014 fructus.

441 1062 640 1097 Responsoria.

253 1128 281 1159 1.
306 1127 456 1158 Exortum
481 1131 528 1159 est
552 1128 585 1159 in
609 1129 744 1160 tenebris

307 1173 464 1205 Praeclari
487 1174 589 1205 lumen
613 1174 734 1214 sideris,

310 1219 384 1251 Cum
409 1219 507 1251 edidit
530 1219 688 1251 Hasbania

307 1264 481 1296 Trudonem
504 1265 628 1304 plenum
651 1266 760 1306 gratia,

271 1336 278 1343 .
304 1311 450 1342 Accrevit
474 1311 564 1342 coelis
588 1312 732 1351 gaudium

304 1356 348 1387 Et
370 1358 460 1387 terris
483 1358 697 1396 patrocinium,

274 1455 280 1461 .
306 1430 366 1461 Hie
388 1430 501 1468 puerili
527 1439 619 1469 opere

305 1475 407 1506 1nstar
426 1477 504 1515 jacit
527 1477 683 1517 ecclesiae,

306 1521 393 1559 Quod
419 1523 489 1553 dum
515 1523 673 1554 conculcat
694 1521 817 1565 femina,

305 1568 425 1606 Perdit,
451 1568 578 1600 resumit,
599 1570 732 1611 lumina3

271 1639 277 1645 .
303 1613 381 1645 Viva
405 1612 525 1645 futurus
549 1614 649 1646 hostia

308 1660 395 1690 Haec
416 1660 483 1691 Deo
504 1660 583 1691 libat
603 1669 741 1694 munera.

276 1759 282 1765 .
306 1732 476 1765 Florebant,
499 1742 533 1765 eo
558 1736 696 1772 tempore

305 1779 398 1810 Multi
418 1779 520 1811 verbis
545 1782 576 1810 et
598 1789 699 1820 opere,

305 1825 357 1856 Ad
381 1833 508 1863 quorum
531 1825 637 1858 Trudo
657 1827 761 1858 studia

304 1872 377 1910 Jugi
399 1871 498 1902 tendit
521 1873 677 1912 instantia,

271 1942 278 1949 .
304 1916 448 1955 spirabat
469 1918 577 1949 hortus
599 1918 725 1950 Domini

305 1962 414 1994 Flores
438 1972 527 1995 rosae
551 1967 582 1995 et
604 1964 672 1996 lilii.

272 2063 279 2070 .
306 2037 421 2068 Orabat
445 2038 581 2077 quamvis
608 2038 761 2070 dormiens

306 2082 519 2122 Christumque
542 2093 663 2124 semper
687 2085 803 2125 sitiens,

305 2129 380 2161 Cum
405 2130 513 2161 edocet
537 2131 691 2169 coelicola,

304 2175 384 2214 Quid
408 2174 503 2207 faciat
527 2177 725 2210 christicola:

269 2245 277 2253 .
302 2221 490 2261 Remaclum,
513 2223 623 2264 inquit,
647 2225 820 2263 praesulem

304 2268 375 2303 Tibi
400 2268 524 2308 designo
549 2272 711 2304 consulem.

1028 161 1074 192 In
1100 161 1129 191 2.
1157 159 1210 192 No
1221 161 1378 190 cturno.

1109 233 1298 267 Antiphonae.

931 313 938 320 .
963 290 1100 330 Impiger
1123 290 1245 329 accepti

1012 336 1185 368 diffundens
1208 337 1296 367 lucra
1320 335 1439 373 talenti,

964 382 1121 421 Quomodo
1145 382 1279 423 vivebat,

1010 429 1087 460 alios
1111 429 1158 459 sic
1180 428 1352 461 erudiebat.

931 510 938 517 .
963 485 1029 516 Hos
1051 483 1144 523 fovet,
1170 483 1226 515 hos
1247 486 1346 522 sanat,

1010 530 1066 561 hos
1089 530 1176 569 largo
1200 538 1327 561 munere
1351 529 1454 570 donat,

966 576 1113 609 Omnibus
1133 576 1263 615 accedit,

1009 623 1077 654 sine
1101 631 1228 653 munere
1250 630 1339 654 nemo
1363 621 1492 655 recedit.

932 705 938 710 .
963 678 1062 710 Nocte
1086 678 1225 717 soporati

1009 725 1151 755 meritum
1177 725 1291 755 testata
1315 723 1400 755 beati

965 770 1035 802 Lux
1060 774 1153 809 caput
1175 772 1269 809 atque
1291 770 1388 809 pedes

1010 819 1041 847 et
1063 819 1144 848 totas
1166 816 1276 848 ambiit
1299 815 1402 848 aedes.

930 895 938 905 .
963 872 1079 903 Elicuit
1105 870 1231 911 fontem,

1008 917 1127 948 monuit
1150 917 1296 949 coelestia
1319 920 1451 957 gentem,

963 963 1090 1002 Eripuit
1112 962 1222 1003 furem,

1010 1009 1128 1041 domuit
1150 1012 1223 1048 post
1247 1012 1351 1041 cetera
1373 1018 1504 1041 verrem.

931 1088 937 1096 .
963 1065 1121 1105 Aggregat
1144 1065 1196 1095 hic
1219 1065 1297 1096 tales

1008 1111 1056 1142 vir
1079 1113 1203 1142 sanctus
1230 1110 1433 1151 coenobiales,

963 1157 1098 1195 Quorum
1121 1157 1186 1188 vita
1209 1157 1298 1197 mori,

1007 1211 1090 1234 mors
1116 1205 1198 1233 esset
1221 1203 1326 1234 vivere
1351 1202 1474 1234 Christi.

929 1283 937 1291 .
961 1257 1046 1298 Ergo
1071 1257 1320 1298 triumphantem,

1006 1304 1151 1335 mortalia
1175 1307 1286 1335 cuncta
1310 1307 1459 1336 terentem

961 1349 1027 1381 Rex
1051 1358 1123 1381 suus
1144 1350 1257 1381 invitat

1007 1398 1047 1436 et,
1073 1404 1132 1435 quo
1156 1396 1245 1436 solet,
1281 1397 1391 1428 ordine
1415 1397 1503 1430 ditat.

1097 1486 1300 1522 Responsoria.

930 1586 936 1593 .
963 1562 1032 1593 Jam
1057 1564 1131 1593 tunc
1152 1563 1263 1601 plenus
1287 1563 1454 1594 virtutibus

961 1608 1103 1646 Ipsisque
1126 1617 1184 1646 par
1208 1609 1386 1640 doctoribus

962 1653 1060 1685 Omne
1082 1654 1262 1685 mandatum
1284 1655 1395 1687 literae

963 1699 1019 1731 Pio
1046 1700 1219 1738 complebat
1242 1709 1346 1741 opere,

928 1772 935 1779 .
959 1745 1137 1777 Humilibus
1162 1747 1356 1779 consentiens

961 1791 1004 1822 Et
1028 1792 1106 1823 nihil
1130 1793 1227 1824 altum
1250 1794 1387 1832 sapiens

930 1871 936 1877 .
961 1846 1082 1878 Exutus
1106 1856 1178 1887 ergo
1200 1848 1314 1881 laicum

963 1893 1126 1925 Adolescit
1148 1895 1182 1926 in
1206 1895 1362 1937 clericum,

964 1939 1072 1971 Donec
1097 1940 1212 1972 clectus
1236 1943 1358 1982 rapitur

962 1985 1007 2017 Et
1029 1987 1174 2018 sacerdos
1197 1987 1374 2028 inungitur-3

929 2058 935 2065 .
960 2031 1111 2072 Prudens,
1137 2033 1278 2075 pudicus,
1304 2036 1436 2079 sobrius,

962 2078 1089 2117 Qualem
1116 2080 1206 2111 docet
1229 2083 1398 2120 apostolus.

930 2159 937 2166 .
965 2133 1193 2167 Communicato
1216 2137 1329 2175 gaudio

965 2180 1093 2212 Praesul
1118 2189 1186 2213 cum
1212 2182 1295 2215 dulci
1317 2183 1382 2217 filio

964 2227 1105 2259 Assumit
1127 2236 1197 2260 eum
1220 2230 1336 2262 socium

964 2273 1000 2304 In
1025 2282 1102 2313 opus
1127 2277 1347 2319 evangelicum,
