1674 2492
688 81 939 119 1—151—=

248 171 426 206 Tusciniani
450 174 540 207 nobis
565 179 657 217 atque

292 219 441 252 Victorici
465 225 646 262 martyrum,

247 265 392 298 Gentiani
416 268 529 307 quique
555 270 650 301 donas

294 313 453 345 celebrare
477 316 626 357 praemia,

248 358 394 397 Petimus,
418 360 557 400 ipsorum
581 364 617 392 ut
639 371 695 393 nos

290 406 431 437 muniant
457 406 612 448 suffragia,

246 451 379 489 Quorum
408 452 465 483 tibi
490 453 625 491 glom‘osa

292 498 479 536 complacuit
501 500 616 537 passio.

311 618 372 649 Ad
393 618 655 651 Matutinum.

383 692 592 718 Invitatorium.

247 745 403 778 Christum
428 747 611 785 suppliciter

289 800 393 830 regem
418 801 524 831 regum
547 801 739 834 veneremur,

242 837 301 876 Qui
327 838 422 869 donat
444 839 560 869 sanctis

291 885 431 922 praemia
453 884 547 924 (ligna
570 886 642 916 suis.

308 1004 355 1035 In
381 1005 409 1037 1.
436 1004 663 1036 Nocturno.

391 1077 582 1112 Antiphonae.

191 1135 220 1166 1.
247 1135 379 1172 Sceptra
404 1133 521 1166 caduca
545 1135 604 1165 soli

293 1189 361 1210 eum
384 1180 594 1213 Maximianus
617 1180 756 1221 haberet,

246 1226 406 1257 Praesidis
431 1226 472 1258 acl
497 1226 608 1257 solium

292 1273 438 1311 provexit
460 1272 681 1304 Rietiovarum.

191 1349 222 1379 2.
246 1348 400 1386 Tempore
424 1355 483 1387 quo
507 1347 613 1385 plures

291 1393 393 1425 Roma
415 1401 529 1424 venere
552 1392 673 1434 fideles,

246 1440 406 1471 Gallorum
430 1439 517 1478 plebi

292 1486 447 1517 coelorum
472 1486 612 1523 pandere
635 1493 772 1523 regnum.

188 1562 219 1593 3.
246 1560 328 1599 Quos
352 1560 436 1591 inter
461 1559 538 1590 coeli

291 1605 474 1645 Fuscianus,
503 1606 636 1645 mystica
659 1605 789 1644 lampas,

243 1654 287 1685 Et
310 1653 485 1684 Victoricus

291 1699 385 1730 simili
410 1698 532 1737 fulgore
555 1697 689 1730 refulsit.

306 1820 351 1850 In
378 1821 408 1851 2.
434 1818 659 1851 Nocturno.

386 1891 577 1927 Antiphonae.

191 1953 223 1984 1.
247 1950 307 1983 His
330 1951 434 1981 inerat,
455 1948 532 1982 fidei

288 1997 392 2028 lumen
421 1996 598 2034 Christique
619 1994 791 2033 triumphos

242 2044 368 2083 Dicere,
396 2044 487 2075 deinc
512 2050 604 2073 curae

290 2090 469 2128 Quintinum
481 2097 632 2128 quaerere
640 2090 788 2120 sanctum.

186 2160 216 2191 2.
243 2157 342 2196 Regia
364 2155 507 2196 martyrii

287 2203 465 2237 redimitum
489 2209 618 2233 munere
643 2200 720 2231 coeli

243 2251 304 2283 Sed
323 2250 389 2289 jam
414 2249 593 2289 Quintinum

288 2300 464 2337 sumpserat
488 2295 659 2327 emeritum.

857 179 886 210 3.
912 176 1085 208 Nobilitate
1109 173 1214 206 cluens

959 222 1068 263 quibus
1093 222 1201 254 obvius
1227 229 1298 252 ecce
1322 222 1423 253 viator

917 268 1086 301 Gentianus
1111 269 1202 300 adest

959 315 1085 347 inclitus
1110 318 1203 354 atque
1227 314 1331 345 Senes.

978 390 1022 420 In
1049 390 1079 421 3.
1104 388 1328 420 Nocturno.

1058 442 1247 478 Antiphonae.

861 492 891 523 1.
917 490 1064 529 Alloquio
1090 491 1175 528 cnjus

959 536 1060 567 sancti
1085 536 1157 566 dum
1181 533 1262 567 forte
1286 533 1440 572 fruuntur,

917 583 995 621 Ejus
1020 584 1190 620 agnoscunt

962 628 1058 660 eorda
1081 628 1169 659 sitire
1192 627 1303 658 Deum.

859 685 888 715 2.
915 686 999 714 Ante
1023 683 1071 713 his
1092 683 1157 721 jam
1181 682 1285 713 triduo

960 729 1104 768 perhibet
1125 737 1159 759 se
1177 729 1271 759 corde
1287 728 1457 764 subactum,

915 776 959 807 Ut
982 778 1115 805 mentem
1140 774 1219 805 votis

960 823 1050 860 cogat
1072 828 1177 850 amare
1200 819 1310 850 Deum.

857 878 887 908 3.
916 876 991 907 Cum
1014 875 1151 906 vicissim
1176 877 1267 913 pastu
1291 874 1391 905 sancti

958 923 1134 954 solarentur
1157 923 1272 958 mutuo,

915 970 1042 1002 Praeses
1072 968 1212 1006 plectens
1235 975 1307 997 mox
1331 966 1459 997 advenit

959 1014 1145 1046 Gentianum
1167 1013 1277 1051 capite,

912 1061 1060 1100 Reliquos
1085 1060 1126 1090 ad
1151 1059 1334 1098 capiendum

961 1106 1116 1138 deducens
1141 1105 1333 1143 martyrium.

1001 1180 1047 1212 In
1070 1178 1297 1210 Laudibus.

1057 1233 1176 1268 Antipht
1182 1240 1248 1259 mae.

858 1282 887 1314 1.
913 1282 1042 1313 Praeses
1065 1281 1109 1311 ait
1133 1280 1247 1311 sanctis

959 1329 1096 1358 astutus:
1124 1327 1226 1367 dicite,
1254 1327 1340 1364 qu'us

913 1374 999 1404 Estis
1025 1373 1158 1403 cultores

959 1419 1094 1450 numinis
1119 1422 1211 1458 atque
1233 1417 1294 1448 Dei
1306 1423 1321 1447 's’

859 1476 889 1506 2.
916 1475 991 1514 Nos,
1016 1474 1114 1514 ajunt,
1139 1477 1270 1513 patrem,

959 1520 1054 1552 verbo
1079 1520 1132 1559 qui
1153 1522 1264 1550 cuncta
1289 1518 1415 1556 creavit,

911 1566 1074 1599 Formavit,
1095 1569 1202 1597 saneto

958 1612 1082 1644 flamine
1106 1613 1219 1651 quique
1243 1620 1297 1642 suo

915 1660 1077 1692 Credimus
1103 1661 1134 1689 et
1157 1666 1349 1691 veneramur.

857 1717 887 1748 3.
914 1714 1045 1746 Sanetos
1069 1716 1143 1745 tunc
1167 1713 1264 1745 oculis

958 1761 1109 1792 frustrata
1134 1763 1180 1790 est
1204 1759 1359 1797 praesidis
1383 1758 1442 1796 ira,

915 1808 1018 1840 Clavis
1042 1806 1148 1845 ignitis

959 1856 1049 1884 antra
1073 1853 1189 1883 rimans
1215 1851 1360 1890 capitum.

855 1911 885 1941 4.
913 1907 1099 1940 Gaudebant
1121 1907 1221 1940 sancti

958 1963 1027 1986 sese
1050 1963 1108 1993 pro
1131 1953 1256 1985 nomine
1280 1953 1397 1985 Christi

913 2000 1020 2041 Affligi
1046 2001 1153 2040 poenis

958 2047 1181 2087 suppliciisque
1206 2047 1294 2078 mori.

856 2106 886 2136 5.
915 2103 1094 2143 Corripiens
1117 2106 1191 2134 tunc
1215 2102 1279 2133 tela
1302 2111 1395 2133 manu

956 2150 1115 2182 Mavortia
1137 2158 1264 2189 praeses

913 2195 1097 2231 Transfodit
1120 2200 1243 2228 sanctos

957 2247 1050 2284 atque
1073 2245 1197 2276 necavit
1221 2252 1272 2274 eos

911 2290 1088 2324 verticibus
1113 2292 1215 2323 sectis.
