1679 2491
717 91 948 125 ,65-

203 187 234 217 3.
259 185 353 216 Felix
375 184 453 215 haec
475 184 633 223 nobilitas,

305 231 389 269 Quae
413 230 561 261 virtutum
584 229 692 262 florem

256 274 383 308 Profert
407 277 455 307 sui
479 276 611 308 nominis

304 322 502 354 Reddentem
526 323 663 355 odorem.

396 414 600 448 Responsoria.

225 496 233 503 .
259 469 309 500 Ex
332 469 449 501 illustri
472 472 563 501 natus
585 470 741 510 prosapia,

257 515 372 547 Mundi
394 519 520 547 sanctus
541 516 700 547 declinans
715 516 803 554 vitia,

260 561 372 592 Totum
384 561 535 593 transfert
546 571 600 593 cor
608 563 647 593 ad
660 562 806 594 coelestia

307 608 358 639 Ex
381 608 441 639 Dei
466 608 575 647 gratia.

224 680 231 686 .
256 653 369 685 Mundi
394 653 528 692 divitias,
555 654 657 685 carnis
676 653 804 685 delicias

265 698 395 730 Generis
431 699 578 738 gloriam,
616 700 735 738 spernit
774 703 805 730 et

582 745 708 778 curiam.

225 834 231 839 .
258 808 344 840 Inter
362 809 469 839 mundi
486 808 654 848 fulgentem
672 809 802 848 gloriam

258 854 303 885 Et
325 854 437 886 Karoli
462 855 597 894 regalem
623 855 739 886 curiam

261 900 502 932 Servatsanctus
511 900 614 932 cordis
619 901 803 932 munditiam

302 946 347 978 Et
371 947 599 978 conscientiam.

219 1016 226 1023 .
253 992 354 1024 Extra
369 993 477 1023 mundi
495 996 623 1032 portans
639 993 803 1032 imaginem

256 1038 343 1070 Intus
353 1041 493 1069 sanctum
502 1039 631 1078 gerebat
638 1039 802 1072 hominem.

223 1129 229 1136 .
255 1102 347 1134 Felix
373 1103 471 1144 miles,

303 1149 355 1188 qui
378 1158 491 1180 vanum
516 1149 671 1180 saeculum

256 1194 308 1226 Sic
333 1196 528 1233 contempsit,

300 1245 336 1271 ut
360 1243 442 1271 esset
465 1241 624 1279 speculum

258 1285 439 1317 Sanctitatis

301 1335 395 1371 atque
418 1332 629 1370 spectaculum

254 1377 379 1409 Morum
405 1381 546 1409 cunctum

301 1424 463 1455 illustrans
479 1424 637 1462 populum.

218 1496 224 1502 .
249 1469 294 1502 Ut
318 1470 436 1502 coelum
461 1472 573 1501 ornant
596 1469 709 1507 sidera,

247 1516 300 1548 Sic
323 1517 406 1547 hunc
429 1515 580 1548 virtutum
605 1524 710 1555 opera.

316 1636 360 1668 In
386 1638 418 1669 2.
444 1635 470 1666 N
484 1638 670 1668 octurno.

397 1700 590 1734 Antiphonae.

220 1780 226 1787 .
251 1756 315 1788 Hic
338 1757 487 1788 mundum
514 1756 586 1786 dum
611 1755 798 1795 considerat,

297 1803 400 1834 Intrat
420 1803 453 1833 in
477 1802 708 1840 monasterium,

252 1849 341 1887 Quod
362 1849 450 1886 prius
474 1849 543 1886 ipse
565 1847 684 1878 fecerat

298 1895 524 1926 Monachorum
548 1892 711 1932 refugium.

219 1979 225 1985 .
252 1954 459 1987 Perfectionis
483 1953 616 1985 culmine

297 2001 470 2033 Universos
495 2002 672 2039 exsuperat,

248 2050 329 2088 Quos
355 2047 411 2079 sub
436 2046 541 2079 Maria
565 2046 687 2085 virgine

294 2094 365 2126 Jam
390 2097 463 2125 ante
488 2095 739 2133 congregaverat.

215 2180 222 2186 .
248 2156 330 2187 Voto
355 2154 509 2186 communi
532 2153 679 2192 omnium,

297 2201 413 2241 Quibus
437 2204 544 2241 gratus
570 2199 714 2238 efficitur,

247 2249 341 2282 Licet
363 2248 480 2280 invitus
504 2247 633 2279 nimium

294 2295 331 2327 In
356 2295 499 2328 abbatem
527 2294 697 2326 extollitur.

235 2355 359 2380 Dreves,
380 2353 501 2377 Historiae
513 2352 665 2380 rhythmicae.
694 2352 725 2375 11.

870 241 900 274 1.

860 469 898 501 V.

1064 183 1267 218 Responsoria.

926 240 1038 271 Mundi
1067 242 1156 270 caute
1180 239 1291 270 timens
1316 240 1468 282 contagia,

926 287 1010 325 Quae
1017 286 1125 317 mundi
1133 287 1214 325 sunt,
1224 285 1350 324 reliquit
1358 286 1469 325 omnia,

924 332 1054 363 Manum
1098 332 1222 362 mittens
1262 332 1303 362 ad
1344 331 1471 362 claustri

1248 375 1351 416 fortia,

973 422 1086 455 Christi
1112 423 1252 462 vestigia.

923 469 1019 501 Omne
1051 470 1146 500 saecli
1179 469 1374 507 disrumpens
1402 469 1470 500 vin-

1247 515 1360 553 culum,

925 561 1005 601 Regi
1015 560 1139 593 Christo
1151 568 1185 591 se
1199 560 1298 592 datin
1310 559 1468 594 famulum.

894 650 901 656 .
928 625 1109 657 claustralis
1134 624 1234 656 factus
1255 625 1380 656 humilis

925 671 968 702 Et
990 680 1045 702 vas
1069 671 1219 701 virtutum
1243 671 1379 703 omnium

925 717 968 748 Et
991 717 1093 755 gratia
1115 717 1268 748 mirabilis

926 763 1052 794 cunctis
1080 761 1113 793 fit
1134 764 1167 794 in
1192 763 1352 803 solatium3

923 808 1049 840 Cunctis
1060 812 1166 848 gratus
1177 812 1302 840 cunctos
1310 809 1468 849 laetificat,

925 854 1048 886 Cunctis
1057 855 1171 894 placet,
1183 857 1308 886 cunctos
1315 855 1469 887 aedificat.

893 946 900 951 .
925 919 1042 950 Domus
1055 920 1156 958 hujus,
1170 928 1261 958 quam
1273 920 1341 959 ipse
1353 919 1472 951 fecerat

924 965 967 995 Et
991 966 1133 996 maximis
1159 965 1247 997 donis
1274 966 1446 1006 dotaverat,

924 1011 962 1041 In
985 1020 1046 1050 qua
1069 1010 1130 1042 fuit
1151 1013 1221 1050 ipse
1246 1011 1427 1051 dissipium,

926 1057 1021 1088 Pater
1045 1056 1141 1088 abbas
1164 1056 1201 1088 fit
1225 1057 1285 1089 Dei
1310 1057 1452 1089 famulus.

892 1128 899 1134 .
923 1103 1017 1134 Felix
1028 1103 1147 1134 habens
1159 1106 1203 1142 tu,
1217 1104 1473 1144 Ambroniacum,

926 1149 1033 1180 Talem
1065 1152 1186 1188 patrem
1221 1151 1252 1180 et
1282 1151 1376 1181 talem
1406 1159 1474 1181 mo—

1249 1197 1389 1228 nachum.

990 1314 1033 1346 In
1059 1317 1090 1347 3.
1116 1314 1339 1347 Nocturno.

1065 1378 1256 1413 Antiphonae.

889 1457 897 1465 .
923 1432 973 1463 Ex
998 1433 1120 1465 abbatis
1145 1432 1247 1465 officio

968 1479 1052 1511 Mire
1076 1478 1137 1511 fuit
1160 1484 1296 1520 vocatus,

921 1524 1039 1557 Puerili
1063 1526 1180 1557 indicio

949 1572 1002 1603 Ad
1025 1573 1146 1604 culmen
1169 1573 1378 1611 praesulatus.

888 1653 895 1659 .
919 1627 1035 1659 Factus
1060 1627 1185 1666 praesul
1209 1628 1352 1668 sollicite,

968 1674 1052 1712 Quae
1076 1677 1147 1705 sunt
1169 1675 1376 1713 praesulatus,

920 1719 1111 1758 Exsequitur
1134 1720 1259 1751 assidue

966 1765 1068 1804 Digne
1092 1766 1141 1796 vir
1164 1767 1284 1798 beatuS.

890 1847 896 1853 .
921 1820 1069 1852 Romanis
1093 1819 1240 1852 aedificat

965 1866 1083 1898 Locum
1107 1867 1235 1906 requiei,

921 1912 986 1950 Quo
1010 1912 1161 1943 tumultus
1184 1912 1286 1952 fugiat

966 1959 1067 1990 Homo
1092 1962 1217 1990 sanctus
1241 1958 1313 1992 Dei.

1058 2050 1188 2084 Respons
1210 2052 1262 2078 ria.

886 2131 893 2138 .
920 2105 1078 2139 Pontificis
1102 2108 1272 2140 ascendens
1298 2109 1436 2142 culmina

919 2153 1033 2185 Sancte
1048 2154 1137 2193 vivit,
1163 2158 1322 2195 expugnat
1338 2157 1470 2188 crimina

918 2199 963 2231 Et
987 2202 1165 2233 commissar
1186 2200 1318 2233 eformat
1335 2204 1467 2245 agmina,

918 2246 1016 2279 Nulla
1049 2250 1189 2284 sanctum
1221 2248 1371 2289 frangunt
1404 2250 1467 2282 dis-

1244 2296 1384 2328 crimina.

1281 2348 1298 2377 5
