1674 2492
164 1983 180 2015 1

161 2192 181 2223 [Ο

219 187 353 219 Exsulat
376 188 408 218 et
432 187 596 228 exaltatur,

266 233 362 272 Fugit
386 233 486 274 dolor,
512 236 653 275 gemitus,

222 279 286 312 Ubi
310 287 381 310 suos
407 280 583 312 consolatur

265 325 326 356 Dei
349 326 535 372 unigenitus

358 418 560 454 Responsoria.

185 511 191 517 .
218 484 358 516 Tandem
381 484 415 516 in
441 485 620 517 diaconatus

267 532 431 563 Promotus
455 529 558 563 officio
669 564 672 567 ,

219 577 256 609 In
280 581 438 616 pastorem
462 580 510 609 est
532 580 659 610 vocatus

265 624 346 656 Urbi
370 624 569 664 monasterio,

218 670 289 702 Non
315 672 413 703 elatus
437 670 494 702 sed
519 673 664 710 gravatus

267 717 367 749 Tanto
389 717 570 751 ministerio,

223 783 448 815 Procedentem
471 782 642 813 insectatur

266 829 399 860 Patruus
425 837 493 859 eum
518 828 620 869 soeiis,

218 876 246 908 A
272 884 331 914 quo
356 877 481 906 sanetus
506 875 679 906 trucidatur

267 921 342 953 Cum
368 921 486 952 duobus
511 921 637 959 nuntiis,

218 968 314 1007 Telis,
339 976 412 998 ense
437 969 665 999 consummatur

263 1014 369 1045 Fortis
393 1014 426 1045 in
450 1014 624 1054 suppliciis.

221 1080 245 1112 Ο
271 1088 361 1118 quam
387 1078 479 1118 digne
504 1081 552 1109 est
574 1079 712 1118 colenda,

221 1126 317 1164 Quam
342 1126 454 1157 devote
477 1125 650 1157 reverenda

264 1172 440 1212 Martyrum
461 1172 619 1214 memoria,

223 1218 281 1256 Qui
307 1218 406 1249 erucis
434 1218 550 1250 Christi
573 1226 742 1257 praecones

219 1264 383 1297 Pertulere
406 1267 454 1296 tot
477 1273 590 1304 agones

268 1312 394 1344 Summa
418 1320 486 1342 eum
510 1311 657 1347 victoria3

221 1358 313 1389 Nune
338 1358 500 1396 complexa
522 1366 615 1389 manu
640 1356 698 1388 Dei

218 1404 373 1436 Diadema
396 1403 513 1442 speciei

266 1450 422 1482 Deferunt
444 1451 476 1482 in
501 1450 610 1490 gloria,

221 1497 344 1539 Vivum,
358 1506 480 1536 novum,
496 1497 612 1528 elarum
622 1498 766 1535 mustum,

220 1544 309 1582 Quod
333 1547 492 1575 terrenum
515 1546 616 1576 mutat
635 1545 766 1582 gustum,

265 1591 383 1622 Bibunt
407 1599 475 1621 eum
499 1590 629 1630 laetitia,

216 1638 265 1670 De
288 1639 427 1669 torrente
451 1636 503 1677 qui
528 1637 683 1676 biberunt,

224 1684 281 1722 Qui
307 1683 350 1715 fel
375 1684 475 1715 erueis
497 1686 708 1724 gustaverunt,

270 1730 362 1761 Nune
384 1730 417 1761 in
442 1730 520 1762 eoeli
544 1731 639 1770 regia.

310 1851 355 1882 In
379 1850 606 1885 Laudibus.

363 1923 554 1959 Antiphonae.

187 2008 194 2015 .
221 1982 290 2015 Viri
315 1980 413 2014 fortes
439 1984 470 2013 et
495 1981 609 2022 deeori,

268 2029 305 2060 In
330 2029 492 2061 tormentis
516 2028 655 2068 stabiles

222 2075 420 2116 Conregnant
443 2076 663 2115 triumphatori

266 2124 328 2155 Suo
355 2123 421 2162 regi
446 2123 573 2155 similes.

187 2215 195 2223 .
218 2189 363 2229 Domino,
390 2188 440 2219 eui
462 2188 639 2220 servierunt

268 2237 378 2269 Gordis
403 2236 435 2267 in
459 2235 589 2275 laetitia,

218 2283 297 2322 Ejus
319 2284 384 2322 jam
409 2283 598 2315 introierunt

268 2329 344 2362 Cum
368 2330 491 2370 hymnis
514 2330 548 2361 in
572 2329 663 2363 atiia.

760 94 826 129 219
876 115 917 119 —

829 191 860 222 3.
885 188 993 229 Deum,
1018 188 1050 219 in
1077 195 1165 227 quem
1189 187 1354 219 sitiverunt

930 236 1010 267 Toto
1032 233 1197 273 desiderio,

885 281 994 321 Deum,
1019 285 1091 320 post
1107 289 1197 321 quem
1209 280 1425 318 adhaeserunt,

931 328 1045 361 Vident
1067 335 1150 359 nune
1172 327 1204 358 in
1228 326 1350 367 gaudio.

829 386 860 417 4.
885 383 1094 424 Temptatoris
1119 385 1150 415 et
1172 382 1298 415 tortoris

936 430 1095 470 Superatis
1119 430 1240 468 ignibus

885 476 1078 509 Benedieunt
1098 476 1261 508 salvatoris

932 522 1107 554 Bonitatem
1133 522 1288 554 laudibus,

829 580 859 611 5.
885 578 1031 610 Laudant
1053 578 1219 610 Dominum
1245 579 1284 610 de
1308 578 1399 610 caelis⁴

934 624 1004 656 Suis
1028 625 1060 656 in
1085 624 1238 656 eubilibus

885 670 1025 702 Liberati
1052 672 1090 702 de
1114 671 1247 711 querelis

930 717 974 748 Et
996 718 1105 748 mortis
1131 717 1299 756 doloribus,

889 762 991 794 Cessit
1013 763 1111 794 hostis
1132 763 1198 803 jam
1221 763 1365 801 erudelis,

934 808 1080 841 Gaudent
1104 818 1171 841 eum
1196 809 1410 850 gaudentibus.

1004 872 1049 900 Ad
1067 873 1248 901 Benedictus.

820 921 858 951 A.
886 920 970 951 Deus
994 922 1100 952 noster
1124 921 1313 960 benedictus,

888 968 965 1004 Qula
989 975 1050 998 non
1076 970 1123 998 est
1148 967 1313 999 derelictus

933 1012 1017 1045 Grex
1041 1014 1172 1052 pusillus
1197 1014 1325 1054 gratiae,

888 1059 970 1090 Dum
994 1068 1050 1091 nos
1074 1060 1125 1099 pie
1150 1060 1298 1100 visitavit,

888 1106 1022 1138 Paterne
1046 1106 1253 1139 haereditavit

933 1153 970 1184 Iu
996 1153 1077 1185 valle
1098 1154 1252 1194 miseriae,

888 1198 970 1230 Dum
993 1200 1076 1231 hune
1098 1200 1199 1231 locum
1224 1201 1415 1242 dicaverunt,

887 1245 968 1276 Dum
990 1247 1072 1277 hune
1094 1247 1196 1278 locum
1222 1248 1400 1279 ditaverunt

934 1292 1118 1323 Sanctorum
1141 1293 1301 1332 reliquiae.

887 1338 936 1369 De
960 1348 1089 1378 quorum
1112 1341 1291 1379 praesentia

890 1385 927 1417 In
952 1385 1035 1417 omni
1061 1385 1187 1417 miseria

936 1432 1066 1471 Semper
1090 1433 1293 1472 consolamur,

888 1478 1007 1510 Horum
1032 1487 1089 1517 per
1113 1477 1259 1519 suffragia

888 1525 940 1556 Ad
965 1528 1093 1557 aeterna
1115 1525 1229 1566 gaudia

935 1571 1025 1604 Laeti
1049 1573 1268 1611 perducamur.

961 1666 1007 1698 In
1031 1667 1063 1698 2.
1088 1666 1299 1704 Vesperis.

1010 1720 1055 1747 Ad
1074 1720 1249 1757 Magnificat.

823 1769 863 1801 A.
888 1768 1054 1799 Dominum
1078 1767 1317 1810 magnificemus,

891 1815 967 1847 Jesu
990 1817 1095 1846 nostro
1121 1815 1307 1846 exsultemus

938 1862 1026 1893 Totis
1052 1862 1154 1893 cordis
1182 1862 1307 1902 viribuS,

891 1907 948 1945 Qui
973 1909 1109 1939 nostram
1138 1909 1342 1941 humilitatem

891 1953 1043 1994 Respexit
1064 1963 1122 1994 per
1145 1955 1293 1995 pietatem

935 2000 1028 2033 Suam
1054 2002 1093 2033 de
1115 2002 1309 2043 coelestibus,

889 2047 972 2079 Dum
996 2048 1140 2080 Salvator
1163 2050 1333 2082 salvatores

889 2094 979 2126 Misit
1004 2097 1035 2126 et
1057 2100 1303 2136 propugnatores

935 2142 1048 2174 Fortes
1077 2145 1108 2173 et
1131 2144 1293 2184 propitios,

889 2187 1021 2221 Nostros
1044 2190 1241 2222 adversarios

936 2236 993 2275 Qui
1019 2236 1185 2269 devincunt
1210 2241 1241 2269 et
1265 2238 1385 2273 elidunt

936 2282 1150 2324 Dividuntque
1174 2287 1206 2316 et
1230 2286 1397 2320 concidunt

888 2331 933 2363 Et
954 2330 1091 2363 reddunt
1113 2332 1271 2373 inglorios.
