1679 2491
733 82 963 117 *31-

216 175 247 207 2.
272 173 335 204 Hic
358 171 443 205 facta
465 177 600 214 puerilia

269 218 397 250 Mutans
420 228 479 258 per
503 220 584 252 bona
608 222 695 252 milia

272 263 324 295 Sic
348 263 449 295 factus
475 265 569 297 decus
594 267 705 298 aetatis

270 309 331 340 Est
355 317 424 341 cum
448 309 525 342 flore
547 312 684 350 pietatis,

235 380 242 387 .
266 354 441 386 Ecclesiam
465 355 695 396 frequentabat,

269 401 367 432 Deum
397 401 543 440 precibus
567 402 724 441 placabat,

235 482 242 490 .
268 457 409 488 Prudens
436 458 503 488 erat
525 457 557 488 in
581 458 686 497 patria

270 503 385 542 Egenis
412 503 489 535 dans
515 503 643 545 cibaria,

268 549 409 580 Arcebat
429 559 449 581 a
472 557 507 581 se
531 550 669 589 sordida,

269 595 354 633 Quae
379 598 507 634 captant
531 597 627 628 corda
651 597 751 628 arida.

234 666 242 675 .
266 640 452 681 Magnificus
478 644 509 673 et
531 642 712 681 praeclarus

265 686 310 718 Et
332 696 488 727 nunquam
513 687 574 719 fuit
597 697 730 720 amarus.

237 767 243 774 .
269 742 456 774 Primordiis
480 743 564 774 vitae
589 743 690 774 clarus

269 788 345 819 Fuit
367 788 427 820 iste
452 789 518 820 Deo
542 798 642 828 carus,

267 834 378 866 Dulcis
403 838 471 866 erat
493 835 549 866 lux
572 836 695 875 patriae

266 881 358 912 Nunc
381 879 503 921 fulgens
528 882 618 913 donis
642 881 780 921 sophiae.

232 951 240 959 .
266 928 417 959 Precibus
441 927 530 959 nobis
556 929 610 960 det
633 928 729 960 vitam

270 973 400 1013 Semper
424 973 564 1005 omnibus
591 974 735 1013 cupitam.

330 1057 376 1088 In
401 1058 433 1089 2.
458 1057 685 1089 Nocturno.

410 1120 601 1156 Antiphonae.

234 1202 242 1211 .
268 1176 432 1208 Glorificat
454 1181 589 1208 mentem

312 1226 420 1254 sancte
443 1223 609 1254 Dominum
637 1224 803 1263 sitientem,

266 1268 369 1300 Corde
392 1278 447 1300 suo
471 1277 547 1300 vera

312 1315 451 1354 loquitur
477 1315 653 1346 damnando
677 1322 796 1348 severa.

235 1395 242 1403 .
267 1370 332 1401 Iste
357 1369 501 1401 coronari

314 1416 411 1456 cupit,
438 1416 472 1447 in
495 1416 613 1447 virtute
635 1415 734 1456 beari,

269 1462 365 1501 Quem
388 1462 474 1493 Deus
500 1462 648 1493 ardenter

310 1510 412 1548 vocat,
438 1508 573 1539 exsultat
597 1507 807 1541 vehementer.

234 1588 242 1597 .
266 1564 348 1594 Arte
368 1562 428 1595 Dei
453 1565 571 1594 tractus

310 1609 348 1641 fit
368 1610 402 1640 in
422 1608 564 1640 omnibus
582 1609 685 1640 omnia
700 1608 814 1650 factus,

267 1655 370 1687 Corde
397 1664 454 1686 suo
477 1655 593 1686 mundo

312 1701 478 1734 Dominum
504 1701 611 1739 placat
633 1700 801 1732 sitibundo.

234 1783 241 1791 .
266 1757 377 1789 Laude
401 1756 483 1788 bona
507 1754 603 1786 fultus

313 1811 408 1842 prece
420 1811 540 1833 summa
552 1801 666 1841 gaudet
679 1801 814 1841 adultus,

266 1849 372 1889 Lenis,
398 1851 586 1887 mansuetus,

316 1898 364 1926 est
384 1903 507 1934 pauper
528 1895 569 1925 ad
586 1894 689 1926 omnia
704 1894 815 1926 laetus.

233 1975 241 1984 .
266 1950 406 1990 Electus,
432 1953 548 1992 gratus,

311 2001 488 2036 assumptus
509 1997 550 2028 ad
567 1995 678 2028 aethra
694 1996 815 2038 beatus,

266 2045 304 2076 In
331 2045 446 2076 virtute
469 2044 551 2075 bona

314 2093 421 2130 captat
445 2090 594 2122 coelestia
619 2089 710 2122 dona.

233 2173 240 2180 .
269 2146 388 2178 Cedrus
410 2146 555 2185 plantata

312 2194 369 2225 sed
393 2193 426 2224 in
451 2193 549 2224 altum
574 2192 791 2231 multiplicata,

263 2240 356 2273 'Nunc
381 2239 436 2271 det
458 2238 572 2271 florere

312 2295 408 2326 prece
420 2295 476 2318 nos
487 2286 673 2326 Christoque
680 2286 815 2325 placere.

882 220 912 252 1.

1075 173 1218 208 Responsc
1225 175 1276 200 ria.

940 219 1071 251 Sanctus
1095 219 1181 259 Alto,
1208 221 1318 252 Scotus
1342 229 1466 260 genere,

940 265 1115 296 Promeruit
1141 265 1264 297 Christo
1287 266 1422 305 placere,

939 309 1005 341 Nos
1032 311 1097 349 ejus
1123 309 1195 342 fulti
1217 311 1364 350 precibus

939 356 1108 395 Fugiamus
1133 365 1152 387 a
1175 357 1338 399 sordibus3

939 402 1020 433 Boni
1043 411 1135 434 sexus
1161 406 1192 434 et
1215 406 1333 435 aetates

941 448 1146 487 Concurrunt,
1170 450 1247 481 dant
1262 449 1354 481 modo
1371 451 1484 489 grates,

940 504 1035 536 Pater
1057 505 1118 535 iste
1143 505 1266 537 Christo
1293 514 1392 545 carus,

938 550 1080 581 Dilectus
1106 553 1137 581 et
1159 551 1344 589 hominibuS,

938 596 1071 627 Duleem
1095 597 1221 636 reliquit
1243 597 1377 636 patriam

938 643 1190 681 Apprehendens
1215 643 1372 682 theoriam,

938 686 1029 719 A'diit
1053 697 1111 728 per
1135 689 1283 720 visionem

940 734 1127 765 Germaniae
1150 735 1317 775 regionem.

937 789 1099 827 Quandam
1123 790 1235 821 silvam
1253 792 1300 821 est
1314 789 1484 829 ingressus,

936 836 967 866 A
991 843 1065 875 rege
1090 835 1183 867 datur
1206 844 1358 875 accessuS‚

937 881 1067 914 Utiliter
1090 882 1277 921 exstirpavit

935 928 977 959 Et
1004 927 1129 959 Christo
1154 928 1199 959 sic
1222 929 1377 960 militavit.

933 973 1083 1004 Manuum
1107 977 1215 1012 pastus
1239 974 1347 1006 labore

935 1021 972 1052 In
996 1019 1057 1050 Dei
1081 1020 1161 1050 vixit
1184 1029 1299 1052 amore.

934 1074 1055 1107 Habita
1078 1077 1113 1105 ut
1134 1076 1188 1106 hic
1210 1076 1329 1108 somnia

936 1123 999 1154 Pro
1026 1121 1149 1153 Christo
1174 1123 1293 1161 sprevit
1319 1123 1421 1154 omnia

935 1168 979 1199 Et
1002 1168 1112 1198 statuit
1135 1168 1222 1206 sequi
1246 1168 1358 1206 ipsum,

936 1213 1034 1244 Istum
1058 1212 1199 1251 fugiebat
1223 1214 1389 1251 mundum3

934 1259 1019 1297 Ergo
1044 1259 1148 1289 multis
1173 1258 1318 1290 adunatis

935 1304 1070 1335 Domino
1094 1303 1222 1335 servivit
1248 1304 1354 1343 gratis,

999 1396 1043 1426 111
1069 1397 1098 1429 3.
1126 1396 1351 1428 NocturnO.

1079 1458 1125 1486 Ad
1145 1458 1271 1486 Cantica.

936 1515 1097 1554 Sapientia
1123 1519 1258 1555 potatus,

939 1562 1068 1594 Justitia
1092 1564 1138 1592 est
1163 1562 1282 1593 cibatus

935 1608 980 1639 Et
1004 1612 1075 1646 post
1099 1616 1205 1638 aurum
1231 1616 1292 1638 non
1317 1607 1404 1647 abiit,

937 1654 1093 1687 Coelestia
1117 1654 1200 1685 dona
1221 1654 1384 1692 quaesivit.

1076 1717 1277 1752 Responsoria.

907 1790 913 1798 .
936 1765 1014 1796 Post
1038 1764 1202 1795 ecclesiam
1226 1763 1396 1795 construxit

936 1811 981 1843 Et
1003 1814 1127 1841 sanctos
1153 1810 1236 1841 viros
1260 1809 1402 1850 adduxit,

938 1856 1014 1888 Cum
1037 1855 1148 1895 quibus
1172 1855 1301 1887 servivit
1327 1854 1459 1895 Christo,

936 1902 1020 1933 Dum
1043 1902 1158 1933 mundo
1183 1901 1263 1933 vixit
1285 1902 1318 1933 in
1342 1901 1411 1942 isto,

936 1949 1082 1980 Sanctum
1108 1948 1299 1979 celebrantes
1328 1956 1460 1986 cursum,

940 1995 983 2027 Ut
1006 1997 1134 2033 possent
1158 1995 1263 2026 vivere
1287 2003 1418 2026 sursum.

903 2072 911 2080 .
935 2051 1065 2083 Praesul
1089 2059 1217 2090 magnus
1240 2050 1451 2089 Maguntinus‚

937 2097 1067 2128 Inclitus
1089 2095 1275 2136 Bonifatius,

935 2144 998 2176 Per
1022 2143 1172 2175 visionem
1197 2142 1257 2174 fuit
1280 2141 1467 2180 admonitus,

936 2190 1111 2222 Ecclesiam
1136 2190 1328 2221 consecravit
1351 2189 1461 2220 laetus.

933 2236 1104 2268 Multitudo
1128 2237 1271 2275 plausum
1296 2235 1381 2275 tecit,

939 2284 1015 2316 Cum
1038 2284 1163 2315 sanctus
1188 2286 1299 2315 cuncta
1321 2282 1452 2322 peregit.
