1679 2491
3 1243 9 1253 f
2 669 12 1234 Ἢ-η
5 654 9 663 ‚
5 366 15 648 τὴῃ-ῌ-

727 109 976 144 -171-

276 200 337 231 Per
361 209 451 239 quem
475 204 522 233 tot
546 203 711 240 mirabilia,

274 246 431 278 Miracula
456 248 568 279 eximia

319 292 477 324 Creatoris
499 294 644 326 activitas

365 339 425 370 Est
447 340 480 370 in
504 343 536 371 ‘te
561 344 699 379 operata.

339 431 399 462 Ad
422 431 685 465 Matutinum.

405 490 618 518 Invitatorium.

272 541 473 573 Exsultemus
497 543 617 582 pariter

318 588 441 620 Christo
462 589 632 627 jubilantes

272 634 377 666 Ivonis
402 635 550 666 alacriter

315 681 440 712 Laudes
458 684 647 714 resonantes.

335 772 378 805 In
407 773 435 805 1.
462 774 686 806 Nocturno.

414 832 606 867 Antiphonae.

213 882 242 914 1.
269 883 305 914 In
331 883 380 914 via
406 892 468 915 non
493 884 570 915 abiit

317 929 397 960 Lata
420 933 619 968 peccatorum

272 976 327 1007 Vir
350 976 416 1015 Ivo,
443 977 499 1008 sed
523 976 624 1006 tenuit

315 1022 405 1054 Viam
427 1021 648 1061 perfectorum.

214 1079 244 1108 2.
270 1077 383 1109 Mundi
406 1078 458 1108 hic
480 1078 586 1109 inania

316 1123 386 1155 Non
412 1126 460 1154 est
480 1124 649 1156 meditatus

271 1171 326 1202 Ivo
351 1170 391 1200 ad
418 1170 563 1201 coelestia

314 1217 412 1247 Totus
435 1215 653 1248 inflammatus,

213 1273 243 1304 3.
270 1271 440 1309 Susceptor
464 1274 511 1302 est
533 1271 683 1303 Dominus

314 1317 420 1349 Incliti
443 1317 558 1357 Ivonis,

269 1364 370 1403 Caput
395 1364 460 1402 eJ'us
485 1364 634 1396 terminus

312 1410 466 1441 Exaltans
492 1411 622 1442 coronis.

405 1474 608 1509 ResponsorIa.

210 1522 240 1553 1.
268 1521 382 1553 Sacrae
407 1522 581 1560 scripturae
605 1521 732 1554 foedere

266 1567 377 1608 Coepit
401 1568 455 1599 Ivo
481 1570 678 1600 contemnere

310 1614 505 1646 Mundanum
521 1612 629 1646 florem
640 1615 812 1646 marcidum

266 1661 309 1692 Et
333 1670 455 1692 sursum
481 1661 575 1693 corde
601 1670 727 1693 cernere

267 1707 338 1738 Non
363 1707 500 1746 segniter
524 1708 580 1739 sed
603 1716 739 1747 propere

310 1753 364 1785 Ad
388 1752 524 1785 fructum
550 1754 628 1785 coeli
651 1754 809 1794 sapidum3

201 1800 240 1833 V.
268 1799 328 1831 Cor
353 1800 419 1838 eJ'us
445 1801 535 1831 valde
559 1799 682 1832 fervide

264 1846 301 1877 In
327 1855 419 1877 eursu
442 1847 543 1878 nescit
566 1847 677 1878 sistere

265 1892 329 1924 Sed
352 1900 476 1931 semper
499 1892 568 1924 vult
590 1892 751 1931 proficere.

206 1950 237 1980 2.
261 1949 342 1980 Prae
365 1948 463 1980 arduo
487 1949 604 1988 ieiunio

264 1995 327 2027 Pro
353 1995 506 2026 castitatis
531 1995 598 2026 lilio

308 2042 364 2074 Ivo
391 2050 503 2081 corpus
525 2042 660 2074 arctavit

264 2089 505 2122 Circumtectum
531 2088 631 2120 cilicio

260 2136 306 2167 Et
328 2134 374 2167 sie
399 2136 431 2167 in
455 2135 559 2167 carnis
582 2136 702 2174 proelio

308 2180 454 2215 Perfecto
477 2183 690 2225 triumphavit,

195 2229 232 2263 V.
259 2229 340 2261 Nam
364 2227 462 2261 fames
488 2232 520 2261 et
542 2229 673 2261 rebellio

259 2276 446 2308 Devincitur
470 2279 502 2308 et
524 2277 605 2308 ratio

305 2324 344 2355 In
368 2332 405 2354 eo
429 2323 599 2363 superavit.

886 204 917 235 3.
943 202 1067 241 Septem
1094 203 1200 234 diebus
1225 202 1347 240 rapitur

987 249 1101 281 Divino
1122 250 1297 287 juramento

942 294 986 325 Et
1008 298 1082 326 tunc
1107 296 1190 326 nullo
1214 293 1351 325 reficitur

986 341 1129 372 Humano
1153 342 1350 379 nutrimento,

941 387 1021 418 Nam
1045 389 1128 419 intus
1153 388 1244 426 plene
1268 388 1406 425 pascitur

988 433 1121 465 Coelesti
1145 434 1300 465 alimento.

876 478 912 509 V.
939 478 994 510 Ivo
1017 482 1093 511 tunc
1113 481 1194 510 alme
1217 481 1311 510 alitur

940 524 983 555 Et
1005 527 1045 557 ad
1070 534 1181 564 corpus
1208 523 1381 557 deflectitur

986 572 1092 604 Virtus
1118 580 1155 602 ex
1179 572 1344 611 ligamento

1004 683 1047 713 In
1074 684 1103 715 2.
1129 682 1185 713 No
1196 686 1349 713 cturno.

1081 754 1271 789 Antiphonae.

882 813 911 846 1.
939 813 1014 845 Cum
1038 816 1199 846 invocaret
1222 815 1385 847 Dominum

983 861 1048 900 Ivo,
1077 861 1123 891 vir
1149 861 1286 901 devotus,

939 906 976 937 In
1004 907 1141 938 divinum
1165 907 1322 938 silentium

982 953 1173 984 Reconditur
1195 956 1288 985 totus.

878 1019 909 1048 2.
936 1017 1039 1050 Verba
1061 1017 1121 1049 Dei
1145 1019 1271 1049 auribus

983 1063 1093 1103 Populi
1117 1065 1284 1102 pandebat.

936 1109 1000 1148 Ivo,
1024 1119 1113 1149 quem
1138 1111 1283 1149 operibus

981 1156 1033 1187 Ad
1058 1157 1158 1188 Deum
1181 1156 1334 1188 trahebat.

879 1220 910 1251 3.
934 1219 985 1250 Ex
1009 1229 1064 1252 ore
1085 1219 1252 1252 infantium

981 1267 1035 1298 Ivo
1062 1267 1256 1298 collaudatur

936 1312 984 1342 De
1006 1315 1107 1344 morte
1129 1314 1328 1352 surgentium,

981 1359 1046 1397 Quo
1070 1359 1104 1390 id
1127 1359 1321 1398 impetratur.

1071 1451 1273 1486 Responsoria.

878 1513 907 1545 1.
934 1512 1038 1551 Moysi
1062 1513 1259 1555 assimilatur,

978 1559 1069 1591 Eliae
1094 1562 1124 1590 et
1146 1559 1272 1591 Elisaeo

934 1606 999 1645 Ivo‚
1025 1615 1082 1645 per
1107 1614 1196 1645 quem
1221 1608 1386 1646 separatur

978 1652 1070 1691 Aqua
1092 1661 1205 1692 magna
1230 1653 1324 1684 dante
1348 1652 1414 1683 Deo

933 1697 1026 1737 Signo
1052 1699 1161 1738 crucis,
1187 1708 1246 1738 quo
1271 1698 1402 1729 miratur

977 1745 1125 1777 Famulus
1149 1746 1267 1777 vadens
1293 1753 1360 1775 eum
1385 1752 1430 1776 eo.

869 1790 905 1822 V,
932 1789 994 1822 Via
1018 1792 1121 1830 pontis
1146 1795 1312 1829 reseratur,

930 1837 1014 1868 Hinc
1038 1840 1069 1868 et
1091 1837 1166 1869 inde
1191 1839 1365 1869 desiccatur

975 1883 1133 1923 Expresso
1159 1884 1275 1916 Christi
1299 1884 1458 1922 trophaeo.

876 1950 908 1980 2.
934 1948 1010 1987 Igne
1034 1948 1159 1980 fervens
1182 1949 1329 1989 spiritali,

977 1995 1060 2027 Vera
1083 1995 1143 2026 Dei
1168 1997 1307 2035 caritate,

932 2040 1025 2081 Signo
1051 2043 1150 2074 crucis
1175 2043 1356 2082 triumphali

978 2088 1084 2128 Ignem
1109 2088 1196 2129 fugat
1218 2091 1336 2130 pietate

929 2134 995 2175 Ivo,
1020 2145 1082 2168 non
1105 2137 1137 2167 vi
1158 2137 1315 2177 corporali

977 2182 1040 2214 Sed
1065 2183 1170 2215 divina
1193 2186 1365 2225 potestate3

869 2228 901 2261 V.
927 2227 1017 2261 Dono
1041 2232 1270 2270 supernaturali

930 2275 1006 2315 Egit
1029 2277 1061 2308 in
1085 2278 1239 2310 materiali

976 2323 1063 2363 Ignis
1089 2324 1167 2356 dura
1191 2325 1350 2365 qualitate.
