1674 2492
633 82 885 118 —191—

125 177 154 208 3.
182 175 367 208 Imminente
391 178 501 209 mortis
527 178 660 210 articulo

180 221 273 253 Diem
294 223 380 254 vitae
402 223 563 255 clausurus
576 225 728 264 ultimum,

180 267 294 300 Morbo
313 277 440 308 pressus
460 270 648 302 decumbens
664 271 727 302 lec-

506 316 571 348 tulo

179 360 411 393 Testamentum
419 362 559 394 condidit
566 363 725 403 optimum,

178 407 352 439 Memoriae
377 408 504 448 dignum
528 410 726 449 spectacu103

113 453 150 486 V.
177 453 269 485 More
292 454 392 487 Jacob
417 454 525 486 liberis

225 500 419 532 Thesaurum
445 501 606 533 doetrinae

180 545 383 579 Profuturum
407 548 542 587 posteris

223 593 359 633 Legavit
381 594 413 625 in
437 592 509 626 fine.

121 659 153 692 4.
178 658 320 698 Regnum
344 658 453 690 mundi
477 667 696 698 supergressus

224 705 268 736 Et
292 706 357 744 eJ'us
383 707 535 745 ornatum,

153 751 318 791 -Regnum
344 752 422 782 coeli
443 751 508 790 Jam
531 751 689 790 ingressus

225 797 292 829 Sibi
314 799 545 837 praeparatum,

178 843 310 875 Nostros
335 844 377 876 ad
401 853 435 875 se
458 843 541 883 regit
561 852 686 883 gressus

224 891 301 923 Post
324 891 406 922 hunc
428 890 616 929 incolatum,

113 938 150 970 V.
176 937 312 976 Peregre
335 937 433 969 Jacob
459 945 601 976 egressus

224 984 328 1015 Patris
353 984 392 1015 ad
418 983 608 1022 mandatum,

177 1029 281 1061 Deum
305 1030 396 1069 vidit,
421 1031 468 1061 sic
491 1027 651 1068 professus

224 1077 317 1108 Vitae
341 1077 537 1109 coelibatum.

287 1197 348 1228 Ad
372 1196 548 1229 Laudes.

322 1270 516 1305 Antiphonae.

122 1330 153 1360 1.
179 1328 283 1359 Adest
306 1327 374 1358 dies
397 1326 546 1366 laetitiae,

223 1374 289 1412 Quo
313 1373 439 1405 transiit
463 1381 501 1403 ex
524 1373 639 1404 mundo

178 1420 252 1452 Flos
278 1420 439 1459 dignitatis
463 1420 568 1458 regiae

223 1466 299 1499 Cum
324 1465 426 1497 fructu
448 1465 597 1505 jucundo.

796 180 826 211 2.
852 178 1042 218 Angelorum
1068 176 1170 208 choris

834 243 837 246 -
895 223 1045 257 Defertur
1067 224 1100 255 in
1121 222 1220 262 jubilo

849 271 898 302 De
924 271 1005 302 valle
1028 270 1176 302 moeroris

895 317 949 349 Sol
974 325 1115 357 egressus
1140 314 1256 348 nubilo.

791 391 823 422 3.
847 390 933 422 Luce
955 391 1032 432 vigil
1056 391 1098 422 ad
1119 390 1284 422 Dominum

893 437 1035 469 Prudens
1060 440 1091 468 et
1114 436 1215 468 fidelis

849 482 964 515 Servus
988 492 1057 514 cum
1080 486 1171 522 patre
1193 483 1340 513 luminum

893 528 1040 569 Jungitur
1063 530 1095 561 in
1121 529 1227 561 caelis.

791 604 822 637 4.
847 603 1042 635 Benedicant
1064 611 1160 643 opera

896 648 1014 682 Cuncta
1040 652 1226 690 creatorem,

849 695 907 733 Qui
932 696 987 727 dat
1009 704 1105 735 super
1128 697 1234 728 sidera

892 742 1032 781 Regnum
1056 745 1129 781 post
1152 743 1301 775 laborem.

790 817 820 848 5.
845 815 970 846 Laudes
995 815 1062 847 Deo
1092 817 1227 848 concinit

891 861 1044 900 Egressus
1069 863 1221 902 exsilium,

847 909 1017 940 Pressurae
1038 918 1100 940 non
1123 910 1264 940 meminit

891 953 1076 986 Translatus
1098 955 1132 986 in
1156 956 1313 995 gaudium.

967 1065 1012 1092 Ad
1030 1065 1211 1093 Benedictus.

782 1140 820 1171 A.
846 1139 1036 1172 Benedictus
1060 1140 1221 1181 Dominus,

894 1186 952 1224 Qui
975 1186 1065 1219 nobis
1091 1188 1190 1219 erexit

849 1232 961 1274 Cornu,
988 1234 1069 1273 quod
1093 1234 1289 1273 paulominus

893 1280 923 1310 A
946 1279 1050 1311 David
1076 1280 1203 1320 dilexit3

849 1325 912 1356 Hie
935 1326 1051 1357 virtute
1075 1327 1214 1366 geminus

893 1372 962 1403 Rex
985 1373 1018 1404 in
1043 1381 1121 1411 pace
1145 1374 1237 1412 rexit,

847 1418 944 1456 Quem
968 1420 1098 1459 regendi
1121 1420 1272 1450 terminus

890 1465 943 1496 Ad
969 1465 1070 1497 coelos
1096 1466 1220 1498 direxit.

183 1559 267 1586 Brev.
291 1567 344 1586 ms.
371 1557 400 1585 S.
427 1558 563 1586 Germani
589 1565 606 1584 a
631 1557 726 1584 Pratis
755 1564 829 1583 saec.
852 1554 894 1584 14.
922 1556 991 1585 Ood.
1014 1557 1154 1585 Parisien.
1183 1555 1281 1586 13239.
1302 1558 1335 1585 A.

107 1597 190 1624 Brev.
217 1605 269 1623 ms.
296 1595 558 1630 Sandionysianum
584 1602 658 1622 saec.
681 1592 754 1622 14l15.
781 1593 848 1621 Cod.
876 1594 1014 1621 Oxonien.
1040 1595 1162 1622 Miscell.
1188 1596 1300 1632 Liturg.
1331 1594 1393 1623 192.

107 1634 140 1660 B.
160 1647 198 1652 ———
217 1634 300 1661 Brev.
322 1632 584 1668 Sandionysianum
603 1633 670 1667 imp.
685 1632 807 1659 Parisiis
831 1629 910 1659 1550.
928 1631 958 1658 O.
973 1646 1008 1651 —
1022 1632 1140 1668 Antiph.
1160 1641 1212 1660 ms.
1226 1633 1394 1661 Hilariense

107 1670 143 1697 V.
163 1672 233 1698 anni
255 1668 335 1698 1632.
355 1670 392 1698 D.

183 1716 219 1742 In
240 1715 264 1743 1.
284 1717 371 1752 Vesp.
396 1724 451 1751 nur·
470 1714 486 1742 1
506 1715 624 1750 Antiph.
651 1723 736 1749 super
759 1713 806 1742 Ps.
827 1714 888 1748 1303
914 1716 967 1742 mit
984 1716 1050 1742 Ant.
1077 1716 1115 1742 ad
1131 1715 1252 1752 Magnis.
1276 1716 1395 1750 beginnt

109 1753 145 1779 D.
184 1753 316 1780 Letztere
335 1755 374 1780 ist
393 1753 518 1780 dieselbe
537 1754 592 1779 wie
611 1754 651 1779 im
669 1752 921 1787 vorhergehenden
937 1752 1077 1785 Officium,
1098 1753 1153 1779 wie
1172 1753 1248 1780 donn
1265 1752 1393 1781 mehrere

108 1790 191 1817 Teile
217 1790 369 1817 desselben
391 1791 424 1816 in
448 1789 542 1816 dieses
567 1790 795 1826 iihergegangen.
815 1804 852 1808 —
871 1790 905 1816 In
927 1787 951 1815 1..
964 1790 1047 1816 Noct.
1068 1789 1090 1816 Α
1110 1787 1138 1823 5,
1160 1788 1177 1816 2
1197 1790 1339 1826 dogmatis
1359 1791 1393 1818 A.

109 1842 147 1846 --
165 1828 200 1855 1n
216 1827 297 1861 jeder
315 1826 449 1855 Nokturn
468 1834 522 1853 nur
542 1827 606 1853 eine
625 1825 772 1861 Antiphon
791 1826 836 1853 fiir
856 1826 912 1853 alle
927 1826 1062 1853 Psalmen
1080 1826 1142 1861 BC;
1163 1828 1267 1854 ebenso
1287 1829 1318 1855 in
1338 1828 1392 1856 den

109 1864 232 1892 Laudes.
252 1878 289 1883 -
307 1864 342 1891 In
371 1864 463 1890 Laud.
483 1862 505 1888 Α
526 1862 557 1897 5,
587 1862 600 1889 1
621 1864 752 1890 Laudum
776 1863 811 1890 A.
832 1878 868 1883 —-
898 1864 933 1890 In
953 1861 978 1891 2.
998 1864 1084 1899 Vesp.
1111 1864 1161 1892 hat
1179 1865 1206 1891 D
1231 1865 1296 1892 ffiuf
1310 1866 1391 1893 Anti-

110 1901 232 1935 phonen,
252 1909 311 1929 von
330 1902 422 1928 denen
441 1901 488 1927 die
507 1900 567 1928 drei
588 1903 682 1927 ersten
701 1900 751 1927 der
771 1902 862 1927 ersten
876 1900 1016 1935 Nokturn,
1038 1901 1085 1928 die
1103 1902 1194 1929 funfte
1211 1901 1264 1929 den
1277 1903 1391 1931 Laudes

110 1939 239 1967 entlehnt
257 1939 336 1974 sind;
358 1938 406 1966 die
424 1939 516 1965 vierte
535 1938 647 1964 kommt
664 1945 719 1964 nur
738 1938 769 1964 in
789 1938 816 1964 D
835 1945 901 1964 vor:

444 1984 573 2013 Audiens
591 1984 701 2011 utiliter
721 1984 869 2012 Summum
887 1987 1101 2020 praeceptorem

444 2022 578 2050 Servavit
595 2021 741 2048 humiliter
760 2021 913 2049 Parentum
933 2021 1077 2050 honorem.

182 2081 208 2109 A
231 2080 284 2107 hat
306 2089 362 2107 nur
382 2080 446 2106 eine
464 2078 531 2106 Ant.
552 2086 639 2113 super
657 2077 704 2104 Ps.
723 2077 862 2112 Magnum
885 2081 1050 2114 magnatum
1071 2080 1230 2115 speculum,
1256 2082 1313 2117 vgl.
1338 2082 1389 2110 das

107 2120 207 2154 voi-ige
227 2117 368 2145 Officium.
407 2117 452 2144 Ad
471 2117 568 2152 Mag-n.
588 2116 669 2143 Ant.:
695 2114 864 2150 Magnifieat
882 2116 1036 2148 miraculis,
1058 2117 1137 2144 siehe
1157 2118 1278 2153 ebenda,
1306 2120 1388 2155 ABG,

104 2157 244 2192 Magnum
264 2157 428 2191 magnatum
450 2154 597 2189 speculum
617 2154 653 2180 D.
673 2168 710 2172 -
729 2152 785 2180 Die
811 2153 1002 2188 zugehdrigen
1024 2154 1156 2188 Hymnen
1176 2156 1316 2185 Analecta
1335 2157 1390 2194 XI,

105 2203 132 2229 p.
156 2191 216 2228 178,
238 2202 280 2230 sq.
