1656 2491
780 125 1027 160 -206-

401 222 460 253 Ad
484 221 741 253 Matutinum.

464 294 673 320 Invitatorium.

336 351 487 382 Exultans
508 350 621 388 jubilet

381 396 511 427 Domino
524 396 614 427 simul
623 395 706 427 orbis
716 397 747 426 et
754 395 870 435 aether,

333 442 557 481 Mommolenie,
581 442 627 472 tui

383 489 524 519 decessus
548 486 628 519 festa
648 488 817 520 revolvens

395 598 439 629 In
465 599 493 630 1.
520 597 743 631 NocturnO.

473 670 662 705 Antiphonae.

301 750 307 757 .
334 726 394 758 Ore
417 727 508 757 simul
531 727 633 765 potuit

377 773 478 804 cordis
502 781 579 811 puer
603 773 696 803 edere
718 775 827 813 motus,

330 819 423 850 Patre
446 818 501 849 sub
526 818 692 850 Eustachio

375 864 549 895 monachali
571 867 654 896 sorte
677 865 805 896 locatur.

299 951 306 958 .
332 929 361 959 A
386 937 444 966 quo
467 928 608 967 percepit

376 974 493 1013 hilaris,
521 982 597 1013 quae
620 982 706 1005 more
731 974 846 1005 datoris

329 1019 419 1050 Vitae
442 1019 538 1051 verba
563 1020 674 1050 docens

374 1066 509 1104 amplum
535 1065 658 1097 diffudit
679 1066 711 1096 in
736 1065 850 1097 orbem.

297 1155 303 1161 .
328 1129 507 1168 Augebatur
532 1130 559 1160 ei

376 1183 498 1214 semper
521 1176 690 1207 scintillula
713 1177 834 1216 mentis,

332 1222 428 1252 Verus
452 1229 537 1252 amor
561 1221 674 1253 Christi

376 1267 465 1297 simul
491 1269 521 1297 et
546 1267 669 1298 dilectio
693 1266 808 1299 fratris.

391 1377 436 1408 In
461 1377 491 1409 2.
517 1376 573 1408 No
585 1380 740 1409 cturno.

470 1449 658 1484 Antiphonae.

299 1528 305 1535 .
332 1503 432 1535 Corde
455 1505 510 1536 sed
536 1508 564 1535 et
588 1506 692 1544 lingua

374 1553 406 1580 te
429 1550 537 1588 solum,
565 1550 696 1591 Christe,
722 1552 857 1591 gerebat,

330 1596 485 1626 Instanter
510 1597 654 1633 clamans,

373 1644 408 1672 ut
424 1642 519 1673 verba
534 1643 717 1682 prophetica
737 1644 864 1676 dictant.

297 1730 302 1736 .
328 1705 412 1745 Ergo
436 1705 496 1736 sibi
519 1706 607 1737 binos

372 1751 505 1782 sociarat
527 1753 663 1784 moribus
688 1756 787 1795 aptos,

328 1798 408 1835 Quos
432 1799 539 1836 procul
563 1799 681 1830 invidia

373 1844 437 1875 cari
462 1845 529 1875 vice
551 1845 651 1883 patris
676 1845 788 1877 alebat.

296 1935 302 1940 .
327 1907 369 1938 Hi
392 1910 433 1947 te,
459 1917 575 1940 summe
598 1909 693 1950 Deus,

371 1963 430 1984 uno
454 1955 540 1985 velut
562 1964 616 1986 ore
639 1955 785 1996 fatentur,

326 2000 403 2031 Tres
428 2001 541 2031 trinum
565 2010 675 2033 nomen

370 2055 496 2078 numero
519 2051 705 2079 venerantur
730 2049 847 2083 eodem.

388 2157 431 2188 In
457 2159 487 2190 3.
513 2158 734 2191 Nocturno.

465 2222 654 2257 Antiphonae.

290 2304 296 2310 .
323 2278 420 2309 Fama
442 2279 549 2310 volans
573 2281 637 2311 late

368 2326 448 2365 regis
472 2326 615 2366 vulgatur
638 2327 669 2358 in
694 2328 774 2368 aula,

930 1582 961 1613 4.

993 219 1096 250 Multa
1119 218 1179 249 viri
1203 218 1302 249 sancti

1037 263 1158 304 perfert
1179 265 1312 304 insignia
1336 273 1448 297 coram.

992 339 1060 370 Nec
1083 347 1179 377 mora,
1207 346 1357 369 consensu

1036 393 1200 423 proce1um
1225 385 1365 424 regisque
1388 387 1518 424 precatu

991 431 1112 462 Functo
1138 431 1283 470 deligitur

1035 477 1179 509 Noviomi
1201 477 1346 516 praesule
1369 477 1504 516 praesul.

957 575 964 581 .
990 550 1103 582 Sancte
1125 551 1185 582 Dei
1208 551 1343 590 praesul,

1034 599 1101 628 tota
1123 599 1155 627 te
1179 599 1283 627 mente
1306 605 1480 636 precamur,

990 643 1216 682 Mommoleme,
1242 643 1303 674 tuis

1037 690 1169 729 deposce
1190 690 1330 721 remedia
1352 689 1460 722 servis

1080 819 1096 850 Ι
1105 827 1125 849 n
1149 818 1176 849 L
1186 827 1204 849 a
1211 827 1232 849 u
1242 818 1309 849 dib
1319 828 1340 849 u
1350 827 1374 850 s.

1131 891 1322 926 Antiphonae.

957 972 964 978 .
990 946 1051 978 Sex
1078 949 1109 977 et
1131 947 1179 978 bis
1206 948 1292 978 denis

1032 993 1140 1024 urbem
1158 994 1223 1032 J'am
1246 996 1372 1024 rexerat
1394 995 1493 1034 annis,

990 1038 1065 1070 Cum
1088 1039 1221 1078 primum
1245 1040 1340 1079 novit,

1034 1093 1102 1115 sese
1125 1093 1219 1124 super
1242 1088 1327 1117 astra
1351 1086 1464 1118 vocari.

990 1158 1078 1189 Illico
1103 1159 1217 1190 accitos

1033 1203 1162 1235 famulos
1186 1208 1222 1235 ut
1242 1206 1323 1237 vidit
1347 1206 1466 1245 adesse,

987 1250 1077 1281 Vitae
1100 1251 1257 1289 praedixit

1032 1296 1123 1327 finem
1147 1299 1320 1336 metamque
1344 1298 1470 1329 laboriS.

956 1394 962 1400 .
988 1370 1060 1408 Vos,
1087 1370 1140 1409 ait,
1167 1371 1335 1403 exstinctos

1036 1418 1120 1447 artus
1143 1419 1249 1455 apt-ate
1271 1418 1446 1457 sepulchro,

986 1461 1094 1500 Tuque
1116 1462 1149 1493 in
1172 1471 1250 1501 pace
1273 1466 1368 1506 tuum,

1033 1507 1117 1538 Deus
1127 1509 1251 1548 optime,
1263 1510 1386 1549 suscipe
1393 1519 1526 1544 servum.

986 1581 1086 1619 Hujus
1110 1582 1143 1612 in
1168 1591 1295 1614 excessu

1029 1636 1124 1665 mare,
1149 1629 1252 1668 tellus,
1278 1637 1331 1660 aer
1356 1632 1388 1661 et
1407 1631 1498 1671 ignis,

984 1674 1127 1712 Quaeque
1152 1677 1256 1706 creata
1278 1682 1413 1716 manent,

1031 1728 1147 1750 summo
1173 1721 1347 1753 benedicite
1370 1724 1446 1763 regi.

952 1818 958 1824 .
986 1792 1116 1832 Christe,
1141 1795 1335 1826 sacerdotum

1031 1842 1062 1869 te
1085 1840 1194 1871 laudat
1217 1842 1343 1873 sedulus
1368 1844 1454 1884 ordo,

983 1885 1217 1917 Mommolemus
1243 1888 1323 1919 enim

1029 1932 1172 1971 migravit
1196 1934 1237 1964 ad
1261 1937 1347 1966 astra
1367 1937 1524 1970 sacerdos.

1101 2033 1146 2060 Ad
1164 2033 1344 2062 Benedictus.

981 2098 1153 2138 Exsequias
1178 2101 1276 2131 sancti

1027 2145 1133 2176 tristes
1159 2147 1343 2179 comitantur
1366 2150 1492 2191 alumni,

981 2191 1075 2223 Plebs
1098 2192 1131 2223 in
1154 2193 1308 2234 lamentis,

1029 2238 1128 2269 clerus
1152 2241 1326 2278 proclamat
1339 2242 1371 2273 in
1388 2243 1512 2283 hymnis

982 2285 1047 2323 Quo
1073 2288 1156 2316 certe
1178 2288 1311 2327 strepitu

1027 2332 1105 2363 coeli
1131 2332 1248 2365 devexa
1272 2336 1441 2375 replentur.

1516 2270 1523 2284 Ἰ
