1656 2491
742 51 992 86 -190-

274 180 280 186 .
304 152 431 185 Occulto
451 150 569 189 judicio

349 197 411 229 Sub
436 196 533 228 crucis
558 194 714 235 signaculo

304 244 418 283 Captus
441 241 609 274 infortunio

349 290 485 321 Solvitur
507 287 665 319 miraculo.

272 381 279 388 .
303 355 386 386 Hinc
408 361 547 385 reversus
571 351 613 384 ad
635 349 767 391 patriam

347 399 520 432 Ecclesiam
545 398 663 437 dilexit,

305 447 415 478 Veram
439 444 586 477 exhibens
609 444 733 475 latriam

351 492 478 530 Semper
502 490 597 522 bonos
622 490 731 522 evexit.

274 584 281 591 .
304 557 463 588 Deductus
486 556 518 586 in
539 554 661 594 justitia

350 602 489 634 Clemens
513 601 661 639 subjectis
683 598 829 639 praefuit,

305 650 413 687 Leges,
441 656 554 687 poenas
580 650 611 678 et
631 647 771 686 praemia

350 694 511 733 Sapienter
534 693 677 725 instituit.

273 783 279 790 .
307 758 477 790 Coronatus
502 758 601 798 gloria

350 803 478 835 Sanctus
502 806 533 834 et
556 804 681 841 honore,

308 850 385 888 Quia
405 850 514 880 mundi
537 848 649 888 gaudia

349 896 449 929 Duxit
470 895 502 926 in
526 895 644 927 timore.

276 987 283 994 .
309 961 345 992 In
369 960 450 991 omni
475 959 650 990 discrimine

352 1005 529 1045 Reputabat.
552 1004 681 1044 gloriam

307 1052 369 1083 Hic
391 1061 448 1091 pro
474 1051 588 1083 Christi
611 1052 733 1082 nomme

352 1098 422 1129 Pati
446 1097 670 1128 contumeliam.

443 1189 643 1223 Responsoria.

276 1280 283 1286 .
307 1253 369 1285 Pro
393 1253 562 1284 catholicae
583 1251 658 1284 fidei

355 1299 550 1331 Promotione
575 1299 684 1330 sedula

402 1344 492 1376 Mare
515 1345 701 1375 transiturus

311 1390 401 1422 Subit
423 1391 463 1421 ad
487 1391 633 1422 honorem
657 1390 715 1421 Dei

354 1436 479 1475 Terrae,
504 1436 597 1467 maris
621 1435 760 1475 pericula

399 1481 447 1513 De
470 1482 537 1513 Deo
561 1490 697 1513 securus.

274 1550 281 1557 .
305 1529 349 1562 Ut
373 1528 498 1568 angelus
521 1527 646 1559 Domini

356 1574 427 1606 Cum
453 1573 556 1605 David
579 1573 754 1611 immobilis,

308 1619 378 1651 Non
405 1620 488 1651 cedit
512 1619 681 1651 discrimini

354 1666 409 1697 Vir
435 1666 469 1696 in
493 1664 555 1697 fide
578 1665 708 1696 stabilis.

278 1755 285 1762 .
310 1730 441 1762 Prorsus
462 1731 584 1769 jactans
608 1730 641 1761 in
663 1730 828 1761 Dominum

354 1777 512 1816 Cogitatus
534 1777 582 1807 sui
608 1785 721 1815 euram,

308 1822 536 1854 Mundanorum
561 1822 771 1854 discriminum

355 1868 478 1900 Nullam
503 1868 611 1899 metuit
632 1877 819 1910 pressuram,

310 1915 443 1953 sperans
468 1924 487 1946 a
509 1917 598 1953 patre
620 1915 768 1946 luminum

355 1962 450 2000 Opem
474 1969 597 2000 semper
619 1960 804 1994 adfuturam.

275 2031 282 2040 .
309 2006 471 2039 Confidens
495 2010 530 2038 ut,
552 2008 611 2046 leo,

354 2053 470 2093 Justus,
495 2053 733 2093 imperterritus,

311 2100 495 2132 constanter
518 2110 537 2131 a
557 2100 625 2131 Deo

353 2147 567 2178 Praestolatur
592 2146 729 2178 coelitus.

277 2239 284 2246 ‚
311 2213 420 2245 Coram
445 2220 517 2251 rege
540 2212 728 2250 conspicitur

353 2257 449 2289 Liber
471 2259 503 2289 in
528 2258 646 2297 praeda
669 2258 821 2298 perditus,

914 1844 931 1872 [v

904 2119 931 2150 V
935 2147 936 2151 ,

961 143 1151 177 Miraculose
1174 142 1305 173 solvitur

1007 190 1076 222 Rex
1100 188 1278 222 Saracensis
1301 187 1436 219 traditus

1005 236 1047 268 Et
1071 235 1210 267 hostibus
1235 233 1410 274 expositu53

959 282 1055 315 Jonas
1080 282 1171 313 undis
1196 281 1336 321 eripitur,

961 329 1079 368 Joseph
1105 329 1247 360 detentus
1271 326 1402 359 solvitur

1005 375 1050 408 Et
1071 374 1175 407 David
1200 376 1289 406 antro
1313 373 1445 413 positus.

963 449 1038 482 Cum
1063 451 1145 481 esset
1166 450 1199 480 in
1224 448 1369 480 accubitu

1006 496 1074 528 Rex
1098 496 1239 526 internae
1264 494 1449 532 dulcedinis,

962 543 1083 574 Arcens
1107 542 1227 581 potenti
1252 540 1363 580 spiritu

1006 590 1115 621 Pestes
1141 588 1241 619 carnis
1266 589 1298 618 et
1320 586 1489 626 sanguinis,

962 634 1118 667 Bonorum
1140 636 1246 673 septus
1270 632 1389 665 ambitu

1009 681 1139 720 Sceptro
1162 679 1253 712 fuisit
1274 680 1447 719 regiminis.

960 726 1065 759 David
1085 727 1168 766 regis
1191 726 1282 758 sedet
1303 726 1337 757 in
1360 725 1439 757 solio

964 772 1135 805 Salomonis
1158 775 1248 804 utcns
1270 772 1398 811 judicio.

1026 911 1072 943 In
1097 912 1128 944 3.
1153 911 1378 942 Nocturno.

1107 983 1152 1010 Ad
1172 983 1298 1010 Cantica.

934 1073 941 1081 .
967 1050 1081 1081 Beatus
1107 1051 1154 1080 est
1175 1049 1237 1080 iste
1262 1049 1348 1080 dives

1011 1096 1159 1127 Inventus
1182 1095 1250 1126 sine
1272 1096 1403 1134 macula,

966 1143 1015 1174 De
1037 1150 1095 1180 quo
1119 1141 1260 1180 paradisi
1283 1141 1366 1173 cives

1011 1188 1111 1219 Deum
1135 1188 1264 1219 laudant
1287 1188 1319 1218 in
1345 1188 1479 1219 saecula.

1103 1288 1305 1322 Responsoria.

936 1379 943 1386 .
965 1354 1084 1392 Corpus
1114 1354 1180 1392 ejus
1204 1352 1376 1385 confectum
1401 1353 1510 1390 macie,

968 1399 1172 1439 SubJugatum
1193 1409 1249 1431 suo
1273 1400 1409 1440 spiritui,

965 1445 1181 1477 Monstravere
1206 1445 1316 1477 crebra
1337 1446 1466 1486 jejunia,

966 1491 1167 1530 Disciplinae,
1192 1491 1292 1531 fletus,
1321 1492 1452 1532 vigiliae,

965 1537 1080 1576 Pallor,
1105 1537 1186 1569 livor
1209 1539 1312 1569 vultus
1338 1539 1479 1577 emortui,

972 1582 1121 1622 Cilicium,
1147 1584 1222 1615 lecti
1247 1583 1371 1623 duritia,

934 1654 940 1661 .
967 1629 1087 1660 Statum
1110 1630 1271 1668 poenalem
1296 1633 1325 1661 et
1350 1639 1492 1670 asperum

1013 1675 1082 1706 Rex
1103 1676 1172 1715 pius
1198 1676 1305 1717 elegit,

967 1721 1008 1752 Se
1031 1722 1118 1753 velut
1135 1722 1311 1754 Manassem
1336 1724 1469 1755 aiterum

1013 1768 1142 1799 Penitus
1166 1769 1298 1809 subegit.

936 1866 942 1872 .
968 1841 1017 1872 De
1039 1842 1172 1881 quinque
1196 1843 1311 1874 catenis
1337 1842 1449 1875 ferreis

1016 1888 1142 1919 Occuite
1165 1892 1311 1928 suscepta
1335 1890 1469 1922 verbera

1061 1934 1160 1966 Manu
1185 1935 1371 1968 confessoris

969 1980 1108 2020 Benigne
1130 1980 1254 2013 ferebat
1274 1983 1308 2013 in
1333 1984 1378 2014 eis

1015 2027 1135 2058 Devote
1158 2029 1299 2059 recolens
1323 2031 1454 2061 vulnera

1061 2073 1168 2105 Nostri
1192 2075 1410 2114 redemptoris.

967 2119 1087 2151 Exutus
1111 2128 1131 2152 a
1154 2121 1263 2160 poenis

1017 2165 1150 2199 Carcere
1173 2168 1314 2209 solvitur,

973 2211 1069 2244 Liber
1092 2223 1112 2245 a
1138 2214 1256 2246 catenis

1017 2259 1157 2298 Regnum
1181 2261 1367 2302 ingreditur.
