1674 2492
696 80 952 115 ——149—

216 206 222 213 .
248 179 420 213 Amborum
443 178 564 209 meritis

295 228 443 264 operatur
467 225 514 255 vis
541 223 677 262 deitatis,

250 274 333 305 Dum
360 279 448 303 sacer
471 271 526 301 ille
550 278 624 301 suae

295 318 437 350 redditus
463 319 509 348 est
532 316 664 355 patriae.

219 410 226 417 .
251 385 334 417 Dum
356 384 423 414 vult
439 385 579 413 sanctum
596 380 797 419 supplantare

296 431 512 469 praesumptor
536 427 716 465 adveniens,

251 478 297 510 Ob
323 479 442 508 reatum
465 475 549 506 1111116
571 472 728 512 percussit

294 523 342 554 ira
366 521 427 554 Dei
451 520 603 559 saeviens,

214 594 221 601 .
249 570 324 602 Cum
349 569 410 600 sibi
435 566 606 606 conjunctis

295 623 427 655 poenam
451 614 510 644 luit
532 611 751 651 improbitatis.

217 706 224 713 .
250 682 287 713 In
312 681 413 712 Sithiu
438 677 584 709 tumulari

248 728 328 759 Voto
354 725 412 757 fuit
437 723 602 761 sacerdoti,

247 774 385 812 Moxque
408 771 493 803 Deus
519 770 647 800 cunctae
669 766 756 804 plebi

247 819 377 850 Sacrum
404 825 515 855 corpus
541 812 699 845 comitanti

247 866 308 896 Per
332 871 480 903 aquarum
508 863 629 893 vastum
654 866 773 889 amnem

248 912 339 942 Viam
362 911 456 949 parat
479 907 649 947 glacialem.

212 983 218 989 .
246 957 340 997 Cujus
363 957 397 987 in
419 953 599 993 obsequium

291 1003 355 1035 ruit
379 1002 502 1034 obviam
528 999 633 1030 concio
658 996 790 1028 fratrum

246 1049 428 1088 Bertinique
451 1048 533 1078 latus

292 1098 339 1127 est
362 1095 404 1126 ad
430 1094 571 1125 dextrum
596 1089 774 1122 tumulatus.

212 1185 219 1192 .
245 1162 299 1193 Ad
323 1158 521 1199 sepulchrum
544 1156 606 1187 viri
629 1153 689 1186 Dei

246 1207 377 1246 Quidam
400 1205 515 1245 pedum
539 1200 682 1240 sospitati

243 1252 468 1285 Monachorum
493 1252 539 1281 est
565 1248 706 1284 donatus,

244 1299 341 1333 Unde
362 1298 411 1329 1111
433 1297 506 1336 plus
529 1294 659 1327 devotus

243 1346 333 1378 Haec
355 1345 388 1375 in
412 1343 506 1375 laude
530 1340 640 1373 scribit
664 1339 739 1377 eJ'us.

207 1416 214 1424 .
241 1391 388 1431 Folquini
411 1388 590 1421 veneranda
612 1385 711 1425 patris

289 1438 342 1470 hic
364 1435 504 1468 membra
528 1435 680 1470 locantur,

243 1486 301 1524 Qui
325 1482 451 1523 praesul
474 1479 608 1513 Morinis

289 1531 454 1562 exstiterat,
476 1526 621 1559 celebris.

308 1652 354 1683 In
380 1653 410 1684 3.
436 1649 660 1680 Nocturno.

387 1724 433 1752 Ad
453 1723 580 1750 Cantica.

242 1783 300 1813 Vir
321 1781 424 1821 beate,
448 1783 481 1811 te
503 1779 685 1819 poscentum

242 1828 325 1861 Offer
349 1831 422 1860 vota
445 1827 511 1865 regi
535 1833 651 1863 regum,

243 1875 301 1914 Qui
326 1874 440 1906 cibaris
460 1881 541 1912 pane
565 1870 657 1910 vitae,

243 1921 366 1954 Christo
391 1920 449 1952 tibi
474 1917 656 1953 cohaerede,

381 2013 584 2048 Responsoria.

207 2095 213 2102 .
240 2073 279 2104 In
302 2080 464 2104 occursum
489 2072 537 2103 sui
561 2071 643 2110 regis

239 2119 302 2151 Dei
324 2127 432 2151 servus
459 2118 611 2158 vigilavit,

240 2166 293 2206 Ut,
322 2166 393 2197 dum
418 2166 544 2199 veniens
568 2165 718 2204 pulsaret,

239 2213 280 2244 Ei
304 2213 409 2246 statim
434 2213 580 2252 aperiret.

205 2283 212 2291 .
237 2260 290 2292 Ad
315 2262 424 2294 nutum
448 2259 575 2292 Domini

284 2307 416 2340 servivit
438 2310 542 2339 mente
566 2305 662 2339 fideli.

863 178 893 208 2.
922 176 1010 208 Diem
1033 175 1145 208 festum
1169 178 1263 210 solvit
1285 181 1385 212 sancti

918 223 1067 255 Insistens
1091 224 1217 264 quidam
1240 227 1338 267 operi,

920 269 984 307 Quo
1008 278 1154 308 percusso
1178 273 1210 303 vi
1236 272 1342 305 divina

920 315 1149 349 Contrahuntur
1173 319 1238 357 eJ'us
1263 327 1355 352 crura

851 362 889 393 V.
914 363 963 393 Ac
985 371 1096 402 repens
1120 365 1262 396 manibns

961 409 1068 449 longos
1093 411 1190 441 traxit
1214 412 1377 455 cruciatus,

918 455 985 495 Cui,
1010 455 1172 496 Folomine,
1198 467 1285 489 suum

962 510 1090 541 reparas
1106 504 1299 536 sanctissime
1311 513 1459 545 gressum.

859 564 1042 607 3.{Praesu1
1068 567 1183 599 Christi
1207 570 1350 610 gloriose,

917 612 1021 644 Servis
1046 615 1107 645 tuis
1132 615 1355 657 condescende,

915 659 974 690 Tui
998 657 1175 699 pignusss‘sit
1197 663 1309 693 amoris

914 705 1097 737 Praesentia
1121 708 1301 749 corpoream,

849 750 886 781 V.
912 751 988 782 Post
1011 752 1094 783 vitae
1121 760 1243 784 cursum

958 798 1048 828 trahe
1064 807 1118 829 nos
1137 800 1177 830 ad
1194 799 1309 838 gaudia
1326 809 1458 834 sursum.

856 863 886 893 4.
913 862 982 893 Rex
1007 863 1171 902 coelorum,
1197 865 1249 902 pie
1274 864 1367 905 Deus,

913 908 966 939 Ad
991 911 1023 938 te
1046 911 1168 947 spectat
1191 910 1258 941 laus
1282 911 1377 950 illius,

914 954 962 985 Tu
986 962 1043 993 per
1068 963 1135 986 eum
1159 956 1249 987 nobis
1273 965 1369 995 parce

911 1000 961 1030 Ac
985 1001 1155 1040 redemptis
1179 1003 1337 1034 miserere.

844 1046 881 1077 V.
907 1047 1044 1083 masma,
1072 1047 1209 1087 Christe,
1235 1053 1320 1079 tuum

958 1092 1092 1124 defende
1117 1094 1267 1133 benignus
1292 1095 1330 1126 ab
1360 1094 1457 1127 hoste.

1000 1211 1017 1244 I
1033 1223 1054 1244 n
1077 1214 1301 1247 Laudibus

1060 1289 1249 1324 Antiphonae.

852 1347 881 1379 1.
907 1345 944 1376 In
970 1347 1083 1377 decore
1110 1349 1172 1384 tuo,
1200 1345 1295 1385 Deus,

908 1391 1024 1423 Tecum
1048 1393 1159 1431 regnat
1181 1392 1230 1423 vir
1254 1391 1376 1430 beatus,

911 1437 1093 1469 Sanctitudo
1120 1437 1228 1469 domus
1253 1439 1326 1469 tuae

909 1483 1008 1515 Decet
1034 1492 1101 1515 eum
1128 1484 1196 1515 sine
1220 1483 1291 1516 fine.

853 1551 883 1581 2.
911 1550 1022 1581 Cuncti
1044 1549 1113 1581 Deo
1135 1549 1280 1588 jubilate,

910 1595 1030 1628 Nomen
1055 1597 1121 1635 eJ'us
1145 1598 1193 1626 est
1216 1604 1320 1635 suave,

911 1641 1004 1681 Cujus
1029 1645 1147 1682 portas,
1175 1651 1192 1673 ο
1216 1643 1380 1682 Folquine,

911 1688 1057 1720 Meruisti
1080 1690 1221 1721 introire.

855 1756 884 1787 3.
911 1755 963 1785 Ad
989 1757 1029 1792 te,
1055 1754 1150 1793 Deus,
1176 1754 1367 1794 vigilantem,

912 1800 950 1831 In
973 1803 1006 1831 te
1029 1809 1152 1839 semper
1176 1800 1342 1840 sitientem,

910 1846 1081 1885 Suscepisti
1107 1847 1313 1878 exsultantem

910 1893 1011 1924 Tuum
1034 1896 1176 1924 sanctum
1200 1893 1404 1925 sacerdotem.

849 1960 881 1991 4.
907 1957 1013 1990 Sancti
1037 1958 1097 1989 Dei
1128 1961 1159 1990 et
1183 1959 1317 1991 humiles

912 2005 961 2036 Ac
983 2005 1110 2037 Domini
1133 2007 1312 2038 sacerdotes

915 2051 990 2083 Cum
1006 2051 1160 2092 Folquino
1180 2061 1284 2093 regem
1301 2052 1459 2085 Christum

910 2097 1103 2130 Benedicant
1126 2100 1159 2130 in
1184 2100 1350 2133 saeculum.

854 2165 884 2196 5.
910 2163 1034 2195 Laudet
1060 2165 1188 2203 coelum,
1217 2164 1325 2196 laudet
1349 2167 1435 2197 terra

912 2210 1068 2243 Creatoris
1093 2212 1257 2252 magnalia,

909 2257 1038 2298 Nosque
1064 2258 1172 2298 dignos
1196 2261 1251 2291 tua
1270 2258 1364 2291 laude

910 2304 977 2336 Fac
1002 2314 1071 2336 cum
1094 2306 1221 2346 sanctis,
1247 2314 1305 2338 rex
1328 2305 1456 2346 gloriae.
