1656 2491
766 94 1018 129 —226—

299 223 305 229 .
331 196 442 235 spreto
468 194 582 226 carnali

378 249 412 273 sc
435 248 546 280 sponso
571 238 726 278 spirituali

331 286 536 320 Confoederat

326 334 484 366 Rictrudis
508 331 623 363 inclita.

300 433 307 439 .
331 406 472 438 Turturis
496 405 537 437 ad
560 413 667 437 vocem

377 452 414 484 fit
436 455 538 483 turtur
562 459 665 482 amore
690 450 862 489 liquescens

329 498 485 530 Rictrudis

329 545 381 576 Ad
403 545 510 583 sponsi
534 551 715 574 sermonem.

298 645 303 651 .
329 618 495 656 Perspicuo
518 618 615 656 vultu,

376 664 462 696 vario
487 664 678 694 circumdata
701 663 785 693 cultu

331 711 442 742 Nitens

333 756 524 794 Complacuit
545 763 666 794 sponso.

277 851 307 862 ‹.
332 829 443 868 Vestis,
470 838 489 860 a
512 837 572 867 qua
596 828 719 868 tegitur,

375 878 423 906 est:
444 883 575 906 vernans
595 883 733 913 purpura
748 872 868 912 byssuS,

331 922 448 960 Byssus
471 920 631 959 pudicitia,

334 967 415 998 Crux
439 967 577 1006 signatur
599 974 747 1005 purpura.

299 1065 306 1072 .
333 1041 356 1072 O
382 1040 435 1079 pia
457 1039 626 1078 Rictrudis,

379 1094 457 1125 quae
480 1086 594 1124 gaudes
618 1085 720 1116 incola
744 1083 830 1122 caeli,

333 1131 399 1162 Nos
422 1139 480 1170 ope
504 1132 648 1162 continua

380 1177 507 1215 adjuves
536 1180 567 1207 et
589 1176 704 1209 foveas,

469 1268 670 1302 Responsoria.

303 1349 309 1355 .
336 1324 477 1356 Concivis
502 1326 533 1355 et
556 1332 628 1363 rege
650 1324 740 1354 simul

377 1370 559 1401 mirantibus
583 1373 684 1400 actum

336 1415 465 1446 Femina
487 1416 580 1454 plena
602 1416 669 1446 Deo

381 1462 515 1500 contegit
538 1461 608 1499 ipsa
632 1463 725 1499 caput

336 1507 496 1538 Velamine
519 1515 625 1546 sacro3

302 1578 309 1584 .
333 1553 402 1584 Hoc
425 1553 485 1591 ipsi
509 1553 630 1591 pridem

381 1601 556 1630 sacraverat
581 1599 678 1629 almus
702 1599 871 1629 Amandus.

303 1697 310 1704 .
336 1672 489 1711 Sperncns
510 1671 673 1703 illecebras

382 1721 413 1748 et
435 1726 563 1757 pompas
587 1726 696 1756 resque
720 1717 850 1749 caducas

337 1764 481 1795 Aeternis
504 1764 603 1795 inhiat

336 1810 405 1841 Jam
432 1809 564 1841 fruitura
587 1810 653 1841 Deo

335 1856 494 1887 Rictrudis
519 1856 650 1895 egregia,

302 1924 309 1930 .
334 1903 385 1933 Ad
409 1902 527 1933 sobrios
552 1901 674 1933 habitus

381 1956 480 1979 mores
506 1947 705 1980 conformiter
728 1950 827 1979 ornat.

305 2046 312 2052 .
337 2021 489 2053 Terrenas
517 2021 626 2060 opibus

382 2069 512 2098 mutavit
534 2068 665 2106 provida
689 2068 776 2106 coeli,

336 2113 398 2144 Hic
423 2113 493 2144 dum
517 2114 676 2146 Rictrudis

384 2160 485 2191 dulcia
509 2161 665 2192 continuat

335 2206 505 2237 Praeconia
528 2206 660 2245 Christi3

303 2277 309 2283 .
336 2253 397 2292 Sic,
423 2261 479 2284 sua
502 2261 579 2292 quae
604 2252 736 2292 fuerant,

382 2300 492 2331 melius
510 2301 580 2331 sunt
599 2300 670 2331 dum
687 2299 872 2331 referuntur.

934 189 968 221 4,
992 186 1102 217 Laude
1126 185 1232 216 demus
1256 182 1423 215 Dominum

1037 233 1070 263 in
1091 232 1185 263 beata
1206 230 1367 267 Rictrude,

994 279 1088 317 Cujus
1111 276 1231 308 fructus
1255 277 1418 316 permanet

1038 326 1069 356 in
1095 324 1287 362 aeternitate,

990 371 1040 403 De
1064 379 1124 411 qua
1145 379 1208 402 non
1232 373 1280 401 est
1303 370 1398 408 ortus,
1425 368 1477 407 qui

1035 427 1097 449 non
1120 417 1161 447 sit
1185 416 1252 447 Deo
1279 416 1409 448 dicatus,

956 491 963 498 .
988 464 1175 495 Benedictus
1199 463 1296 500 Deus,
1322 461 1373 501 qui
1396 462 1490 492 talen]

1038 510 1099 541 sibi
1124 510 1215 548 elegit
1240 506 1397 539 famulam.

1051 640 1096 671 In
1121 640 1151 671 3.
1178 638 1234 670 No
1246 640 1402 668 cturno.

1132 711 1177 738 Ad
1198 711 1324 738 Cantica.

958 795 966 802 .
989 769 1041 809 Ad
1065 768 1263 808 sepulchrum
1287 768 1414 798 sanctae

992 815 1111 846 delatus
1138 814 1353 845 daemoniacus

989 870 1068 901 puer
1091 861 1207 893 virtute
1236 860 1341 891 divina

992 910 1023 937 et
1046 909 1171 938 sanctae
1193 906 1353 937 Rietrudis
1376 905 1498 936 meritis

990 954 1132 993 protinus
1156 954 1281 983 sanatus
1307 952 1459 984 discessit.

1128 1053 1330 1087 Responsoria.

957 1134 964 1141 .
991 1109 1125 1148 Dignum
1142 1111 1218 1148 erat,
1244 1111 1278 1138 ut
1295 1116 1373 1147 quae
1387 1112 1533 1147 genuerat

1035 1155 1102 1186 Deo
1128 1155 1292 1193 carnalem,

991 1202 1151 1233 Parturire
1174 1201 1293 1240 prolem

1036 1250 1207 1278 mereretur
1230 1246 1444 1286 spiritualem3

957 1317 964 1324 .
990 1292 1172 1324 Praeficitur
1195 1295 1321 1324 sanctae

1037 1339 1131 1378 plebi,
1157 1339 1271 1378 populo
1296 1339 1518 1378 acquisitionis,

961 1437 968 1444 .
994 1413 1126 1445 Actibus
1151 1416 1182 1443 et
1205 1412 1309 1444 verbis

1037 1461 1212 1490 monstrans
1237 1458 1379 1498 exempla
1403 1458 1522 1500 salutis,

994 1504 1100 1536 Mores
1124 1505 1297 1543 instituens,

1039 1559 1158 1582 morum
1182 1551 1312 1589 vestigia
1335 1550 1499 1590 putabam,

992 1596 1142 1636 Pervigili
1167 1605 1241 1628 cura

1040 1643 1190 1680 prodesse
1213 1642 1299 1682 gregi
1322 1643 1491 1682 satagebat.

960 1713 967 1720 .
992 1688 1065 1726 Ipsa
1089 1697 1220 1727 namque
1243 1689 1383 1727 piissimo

996 1733 1107 1766 affeetu
1133 1735 1283 1774 diligebat

992 1789 1113 1812 sorores
1136 1783 1173 1811 ut.
1192 1781 1336 1820 proprias
1361 1779 1454 1814 filias.

963 1882 970 1888 .
995 1854 1063 1887 Nec
1086 1857 1225 1894 sumptas
1248 1856 1366 1894 passim

1040 1910 1099 1932 nec
1122 1901 1245 1933 confers
1269 1911 1320 1933 res
1345 1902 1472 1942 alienas,

997 1946 1059 1979 Sed
1083 1948 1219 1987 propriis
1243 1947 1365 1980 refoves

1040 1994 1219 2026 muneribus
1244 1992 1385 2034 famulos,

995 2039 1179 2072 Reverenda
1202 2041 1372 2080 Rictrudis,

930 2086 968 2118 V.
992 2085 1048 2126 Ut,
1074 2087 1152 2118 bene
1175 2087 1258 2126 quod
1280 2088 1400 2127 vivunt,

1041 2133 1074 2164 in
1100 2133 1215 2165 Christi
1237 2134 1332 2165 laude
1356 2136 1443 2165 tuum
1467 2135 1518 2167 sit.

940 2208 970 2239 4.
998 2206 1142 2239 Gloriosa
1164 2207 1226 2238 Dei

996 2252 1136 2292 Famula,
1161 2254 1331 2293 Rictrudss,

1041 2300 1207 2332 monilibus
1233 2304 1356 2341 compta
1381 2302 1505 2341 divinis,
