1656 2491
733 34 984 68 ,248-

592 127 636 158 95,
675 127 716 156 De
734 134 760 156 s.
780 125 891 156 Thoma
910 122 1134 155 Herefordensi.

355 198 401 229 In
427 198 456 230 1.
483 195 691 234 Vesperis.

432 278 621 314 Antiphonae.

260 368 267 376 .
292 345 328 376 In
354 344 476 375 coelesti
500 342 606 383 gloria,

338 398 397 429 qua
420 390 555 429 gaudent
576 388 678 429 angeli

291 436 412 474 Regnat
434 435 576 474 Thomas,
600 434 765 467 Dominum

338 481 463 512 laudate
485 481 585 520 pueri.

259 570 266 578 .
291 546 401 577 Omnes
424 548 540 584 gentes,
563 545 688 584 psallite

335 591 365 621 in
391 591 513 621 laudem
536 591 670 629 Domini,

291 636 385 668 Senes
409 640 500 675 atque
523 637 652 675 Juvenes

337 685 370 713 et
391 691 496 714 omnes
516 683 634 722 populi.

257 763 265 770 .
291 737 396 769 Justus
420 738 527 769 laudet
549 738 723 775 Dominum,

339 783 391 822 qui
411 784 510 822 Justos
540 784 649 825 diligit,

295 829 489 868 Compeditos
513 829 635 869 liberat,

337 875 430 906 elisos
454 875 554 915 erigit.

261 963 268 970 .
292 939 362 970 Non
387 941 435 969 est
455 939 596 977 speciosa

338 985 405 1015 laus
428 985 461 1015 in
486 992 538 1016 ore
560 986 742 1024 peccatoris,

292 1030 447 1062 Justomm
471 1031 608 1068 jucunda

339 1079 386 1107 est
406 1076 543 1107 laudatio
568 1076 696 1108 decoris.

261 1164 267 1171 .
292 1139 375 1179 Sion,
399 1140 500 1178 psalle
519 1140 633 1180 jugiter

339 1185 541 1217 Concentibus
562 1186 690 1226 sonoris,

295 1232 426 1263 Thomas
452 1234 556 1263 cantat
581 1232 711 1264 dulciter

340 1278 415 1310 Gum
438 1279 613 1317 angelorum
638 1278 748 1310 choris,

259 1365 265 1371 .
289 1342 389 1374 Homo
410 1344 509 1374 mutus

340 1389 393 1427 qui
414 1389 519 1427 lingua
542 1390 650 1429 caruit,

293 1434 402 1466 Ventri
427 1435 540 1465 vietum

339 1480 371 1510 vi
393 1489 499 1511 manus
523 1480 654 1522 impulit,

294 1526 441 1557 Thomam
460 1529 558 1565 rogat,

337 1571 470 1611 linguam
495 1572 635 1613 obtinuit,

294 1617 421 1656 Linguis
444 1618 527 1656 loqui

342 1663 471 1694 diversis
494 1665 616 1696 meruit.

258 1735 264 1740 .
291 1709 459 1740 Zachariae

337 1756 389 1793 qui
413 1764 448 1786 os
471 1756 601 1798 aperuit,

292 1801 380 1832 Muto
404 1801 538 1839 linguam

338 1856 394 1886 per
418 1848 567 1879 Thomam
590 1849 709 1882 tribuit.

410 1938 455 1965 Ad
471 1938 645 1974 Magnificat.

261 2028 267 2034 .
294 2004 318 2035 Ο
343 2007 432 2043 pater
454 2004 589 2044 pietatis,

341 2050 366 2081 O
390 2058 509 2089 gemma
529 2053 715 2094 praesulum,

294 2095 435 2127 Lucerna
460 2096 618 2136 claritatis,

336 2142 499 2175 Illustrans
524 2144 687 2184 saeculum,

292 2188 418 2220 Medeia
441 2189 580 2221 sanitatis

338 2235 390 2266 Ad
413 2238 445 2266 te
469 2237 665 2277 currentium,

951 191 1016 223 Nos
1040 199 1177 230 purgans
1201 200 1221 222 a.
1243 189 1381 229 peccatis

954 237 1098 270 Gaudere
1121 245 1190 268 eum
1213 235 1313 268 beatis

997 283 1063 315 Fae
1086 283 1120 314 in
1142 285 1337 322 perpetuum.

1015 395 1077 426 Ad
1100 394 1364 426 Matutinum.

1084 467 1297 495 invitatorium.

950 524 1076 556 Adsunt
1099 524 1235 556 Thomae
1257 523 1410 563 praesulis

999 569 1080 601 festa
1099 570 1248 606 laetitiae,

951 617 1126 648 Adoremus
1150 619 1181 648 et
1204 616 1365 648 laudemus

998 671 1101 702 regem
1126 663 1251 702 gloriae.

1018 774 1063 804 In
1091 773 1120 806 1.
1146 772 1202 804 No
1213 775 1369 806 cturno.

1100 845 1287 880 Antiphonae.

920 926 926 932 .
953 902 1087 933 Thomas
1112 902 1309 940 pestilentiae

1001 948 1151 979 cathedra
1171 957 1234 979 non
1258 949 1350 988 sedit,

951 994 1067 1033 Legem
1090 994 1222 1032 implens
1246 997 1388 1033 tempore

1000 1039 1134 1071 fructum
1161 1040 1244 1072 vitae
1268 1041 1364 1073 dedit.

921 1131 928 1137 .
953 1104 1016 1136 Hie
1038 1106 1238 1144 praeceptum
1262 1105 1387 1137 Domini

997 1151 1182 1189 praedicans
1204 1151 1325 1193 timore,

952 1195 1023 1228 Non
1042 1196 1126 1228 servi
1149 1197 1205 1228 sed
1228 1196 1288 1228 filii

998 1243 1127 1274 servivit
1153 1251 1268 1274 amore.

920 1333 926 1338 .
954 1306 1023 1338 Non
1048 1307 1178 1338 timebat
1199 1308 1312 1347 impios

996 1354 1066 1391 pius
1089 1353 1300 1397 adversantes,

951 1400 1056 1432 Justos
1078 1399 1179 1432 salvat
1202 1400 1353 1434 Dominus

995 1445 1028 1476 in
1051 1445 1120 1484 ipso
1144 1449 1315 1485 sperantes.

1090 1529 1292 1564 Responsoxia.

919 1609 926 1618 ,
954 1585 1047 1616 Pater
1070 1585 1151 1624 pius,

998 1632 1105 1669 pastor
1127 1631 1322 1672 prudentiae,

951 1676 1041 1708 Eseis
1065 1677 1122 1707 alit

998 1731 1071 1754 oves
1095 1724 1253 1767 ecelesiae,

953 1769 1087 1801 Thomas
1111 1769 1216 1801 thema

996 1814 1032 1846 fit
1053 1817 1286 1858 temperantiae,

953 1861 1058 1900 Jaspis
1082 1865 1179 1902 gestu,

995 1908 1093 1946 judex
1114 1908 1262 1948 justitiae.

916 1980 923 1986 .
949 1953 1020 1985 Non
1043 1953 1200 1987 infirmant

998 1998 1110 2031 fortem
1137 2000 1289 2043 fallaciae,

951 2045 1052 2085 Dona,
1079 2048 1184 2088 decus,

1001 2092 1121 2133 damna,
1149 2095 1286 2130 divitiae.

919 2173 926 2180 .
953 2147 1054 2181 Erant
1078 2149 1216 2182 Thomae

998 2204 1116 2226 mores:
1142 2196 1301 2231 humilitas

955 2241 1067 2281 Corde,
1092 2242 1184 2275 simul
