1674 2492
624 71 871 108 —217-

131 167 161 198 4.
188 165 286 198 Sanat
310 175 378 198 eum
401 175 534 205 parcens
558 177 621 212 reo,

185 212 249 244 Sed
271 212 396 252 ignorat
418 222 489 245 reus
513 214 580 246 Deo

232 258 358 291 Gratias
381 260 570 298 impendere.

130 316 160 347 5.
186 314 388 346 Pharhildem

232 369 286 392 sex
310 362 418 393 lustris
443 363 552 410 tenuit,

187 406 250 439 Sed
275 416 344 439 cum
368 417 405 440 ea

231 462 389 494 nunquam
411 463 476 486 rem
500 454 619 495 habuit,

187 500 251 532 Ter
276 501 371 532 denos
395 504 444 532 ter

233 556 330 579 annos
355 548 573 587 compleverat,

187 594 284 633 Virgo
307 595 422 625 mansit

235 640 368 680 solvens,
395 641 477 680 quod
503 644 637 672 voverat.

308 703 352 731 Ad
370 704 550 731 Benedictus.

125 752 164 783 A.
193 751 309 783 Christi
333 759 463 790 sequens
488 751 628 791 vestigia,

234 797 356 829 Sanctis
381 797 543 836 exsculpta
565 797 714 835 moribus,

850 166 956 205 Stirpe
978 165 1143 205 praecellis
1166 165 1254 204 regia

896 212 989 245 Velut,
1012 213 1085 244 luna
1111 211 1274 244 sideribus.

923 343 969 375 In
997 345 1027 375 2.
1053 342 1260 381 vesperis.

971 416 1016 444 Ad
1034 415 1208 451 Magnificat.

787 474 826 505 A.
853 474 949 512 Virgo
973 473 1027 512 pia
1049 472 1258 512 Pharahildis,

896 520 982 558 Quae
1004 528 1073 550 cum
1098 519 1176 550 coeli
1196 519 1315 557 civibus

855 567 975 599 Haeres
1000 564 1084 597 facta
1105 564 1246 604 paradisi

901 611 1024 644 Gaudes
1052 611 1085 643 in
1109 611 1302 649 coelestibus,

854 659 962 690 Nostri
985 659 1037 697 pie
1058 666 1176 689 memor
1199 660 1264 689 esto

901 704 945 736 Et
967 714 1025 744 pro
1049 704 1137 736 nobis
1162 704 1340 744 supplicans

854 751 1025 790 impetrato
1050 751 1171 782 veniam

900 796 943 829 Et
966 797 1061 829 vitam
1084 806 1141 836 pc)
1143 799 1276 836 petuam

196 861 280 888 Br.ev
301 861 330 889 S.
350 860 475 888 Servatii
493 860 650 896 Trajeeten.
676 863 743 896 imp.
765 859 901 888 Coloniae
923 858 1157 889 1503.—-1n1.
1178 861 1260 888 Noct.
1281 857 1300 885 R
1324 859 1354 893 1,
1380 859 1400 888 4

123 898 163 926 Et
180 899 242 926 flos.
261 912 300 917 --
318 898 353 925 In
373 896 398 924 2.
419 899 502 926 Noct.
522 897 543 924 R
565 896 590 931 1,
610 897 627 925 2
648 899 760 926 ducatu.
776 899 861 925 —In
881 896 906 925 3.
926 898 1009 925 Noet.
1024 896 1044 923 R
1066 895 1091 930 2,
1112 896 1129 924 2
1149 906 1299 933 g.ammam
1333 898 1379 932 Vg
1378 898 1398 925 1.

123 936 171 963 Du
191 936 287 971 Gange
310 944 331 962 s.
351 944 378 961 v.
398 938 499 971 ganta,
526 937 597 963 uber
617 936 663 963 die
681 936 761 963 Miie
779 936 848 963 Act}¹
872 934 922 962 SS.
942 935 1007 962 Jan.
1028 936 1050 962 Ι.
1074 933 1135 961 172.
1155 949 1191 954 —-
1210 935 1244 961 In
1264 935 1354 962 Laud.
1359 906 1397 961 ἕΑ

124 970 149 1007 3,
170 972 190 1001 4
209 974 307 1000 evasit.
328 986 365 991 --
383 973 532 1006 Hymnus:
554 973 661 1000 Christi
679 973 761 1008 virgo
781 973 904 1007 egregia.

532 1063 578 1094 84.
617 1062 659 1093 De
678 1065 781 1094 sancto
802 1061 989 1093 Pontentino.

263 1132 307 1164 In
333 1133 363 1165 1.
391 1131 601 1171 vesperis,

333 1204 525 1241 Antiphonae.

136 1263 165 1295 1.
190 1261 315 1294 Laudes
340 1262 406 1301 regi
430 1262 568 1293 omnium

237 1308 354 1340 Nostra
377 1308 538 1339 harmonia

190 1355 251 1387 Pro
276 1355 412 1386 virorum
438 1353 563 1386 fortium

238 1402 337 1434 Canat,
360 1401 479 1440 agonia.

131 1467 164 1499 2.
189 1466 246 1498 Isti
272 1474 289 1496 e
311 1466 443 1505 vestigio

237 1512 393 1544 Christum
418 1511 583 1553 consecuti,

189 1558 323 1592 Candidi
347 1559 497 1597 martyrio

236 1605 392 1637 Christum
418 1608 492 1636 sunt
513 1605 625 1637 induti.

133 1673 164 1704 3.
190 1672 286 1704 Suum
308 1671 388 1710 tingi
412 1671 562 1711 sanguine

237 1717 354 1748 Pedem
379 1717 512 1757 gloriati,

190 1763 367 1803 Martyrum
391 1772 425 1794 se
447 1764 572 1795 nomine

238 1810 347 1842 Claros
371 1809 528 1842 arbitrati.

133 1877 164 1909 4.
190 1875 299 1908 Crucis
323 1875 533 1915 ignominiam,

240 1923 371 1956 Crucem
394 1922 535 1960 bajulare

190 1970 349 2003 Summam
376 1969 492 2000 ducunt
515 1968 655 2007 gloriam,

237 2016 397 2049 Summum
422 2015 624 2054 triumphare.

132 2084 162 2117 5.
188 2083 242 2115 Ad
266 2083 368 2114 instar
391 2080 572 2114 carbunculi

189 2131 226 2163 In
251 2128 393 2161 rubentis
417 2128 526 2168 populi

235 2176 344 2208 Medio
368 2174 551 2215 resplendet,

191 2223 385 2262 PotentinuS,
411 2223 504 2254 sociis

193 2270 314 2304 Junctis
339 2271 372 2302 in
400 2269 532 2308 deliciis,

237 2318 290 2350 Ad
314 2326 391 2357 quos
415 2325 478 2349 non
502 2315 661 2355 ascendet,

858 1132 963 1170 Ipsum
988 1132 1040 1170 qui
1063 1140 1125 1162 non
1149 1131 1305 1171 sequitur3

857 1177 915 1215 Qui
937 1186 996 1216 pro
1021 1177 1144 1210 Christo
1167 1178 1306 1217 moritur,

902 1224 1025 1256 Christo
1046 1232 1102 1255 nos
1126 1224 1328 1257 commendet.

976 1287 1021 1314 Ad
1039 1287 1215 1324 magnificat,

791 1336 830 1367 A.
857 1335 881 1367 O
905 1338 1024 1375 martyr
1047 1335 1198 1378 amabilis,

855 1381 974 1413 Laudis
996 1381 1173 1421 ineffabilis,

902 1428 1010 1459 Dulcis
1036 1432 1067 1459 et,
1087 1429 1236 1468 jucunde,

858 1475 984 1514 Martyr
1008 1475 1205 1515 venerabilis,

858 1521 978 1552 Decore
1002 1522 1192 1561 spectabilis,

903 1566 1059 1608 Candens‚
1084 1568 1273 1607 rubicund03

856 1614 951 1653 Tuae,
977 1618 1077 1655 pater,
1105 1615 1248 1653 claritati,

859 1661 1092 1700 Congaudemus
1116 1662 1162 1693 tui
1186 1662 1262 1701 nati,

903 1708 987 1739 Tuus
1011 1717 1087 1747 grex
1111 1712 1142 1739 et
1166 1708 1308 1747 populus.

858 1754 1032 1794 Potentius,
1058 1755 1147 1786 ‘testis
1173 1754 1289 1786 Christi

857 1799 945 1832 Fieri
969 1801 1021 1840 qui
1045 1801 1185 1832 meruisti

904 1847 947 1878 Et
972 1847 1088 1879 Christi
1116 1847 1297 1888 discipulus,

860 1892 926 1924 Nos
949 1896 1023 1932 post
1045 1895 1102 1926 has
1125 1894 1265 1926 miserias

861 1939 1011 1972 Transfer
1035 1941 1076 1973 ad
1102 1941 1240 1979 deliciaS,

906 1987 987 2025 Quas
1012 1996 1073 2019 non
1097 1988 1176 2019 vidit
1201 1988 1315 2022 oculus,

931 2072 990 2104 Ad
1014 2071 1271 2106 Matutinum.

994 2127 1204 2155 Invitatorium.

859 2175 912 2207 Ad
935 2175 1046 2207 laudes
1070 2176 1152 2216 regis
1176 2176 1312 2208 omnium

904 2222 1011 2254 Laetis
1035 2232 1195 2262 surgamus
1222 2223 1376 2265 cordibus,

906 2269 964 2308 Qui
989 2270 1067 2301 coeli
1088 2270 1192 2309 junxit
1217 2271 1335 2303 civibus

860 2315 992 2348 Terreni
1015 2319 1097 2358 regis
1121 2317 1228 2351 filium.
