1656 2491
747 92 997 125 *220—

678 185 784 226 Surge,
807 187 926 224 martyr
950 184 1122 219 Potentiae,

678 232 720 263 Et
743 239 799 263 nos
822 231 934 263 unitati
959 231 1060 262 trinae

725 278 913 310 Commenda
937 285 1005 308 cum
1029 277 1131 316 sociis,

723 324 767 356 Ut
790 324 901 355 vestris
924 323 1077 363 suffragiis

725 371 907 403 Sanctorum
933 370 1070 401 conciliis

679 417 884 449 Collaetemur
907 416 974 448 sine
997 416 1067 447 fine.

315 507 396 533 Brcv.
421 516 472 534 ms.
500 507 714 535 Steinveldense
738 516 810 535 saec.
838 506 880 535 15.
915 507 981 535 Cod.
1003 507 1163 535 Bruxellen.
1189 504 1270 534 2961.
1297 507 1325 533 A.
1346 522 1383 526 —
1402 507 1503 534 Diurn.

242 552 292 571 ms.
318 543 532 571 Steinveldense
558 552 630 572 saec.
658 543 700 572 15.
734 544 801 572 cod.
827 545 1036 572 Dal-mstadieu.
1065 542 1144 572 1104.
1170 545 1201 571 B.
1222 558 1258 563 —-
1277 544 1311 571 In
1333 543 1357 571 1.
1376 545 1462 579 Vesp.
1482 543 1504 570 Α

246 579 272 611 3,
300 578 317 606 2
340 581 464 615 gloriare
482 582 515 607 A.
539 598 571 601 —
587 581 667 609 Nach
693 582 743 609 cler
768 579 789 607 Α
817 582 853 608 ad
872 582 975 609 Beued.
1000 582 1052 609 hat
1069 582 1095 608 A
1115 582 1178 608 eine
1197 581 1302 608 andere
1320 580 1506 616 (prosaischo)

238 616 415 682 §teiffifelgfr
434 618 557 645 Rubrik:
583 620 655 646 Item
674 619 733 647 alia
751 619 929 655 Antiphona,
957 627 1029 654 quae
1052 618 1173 646 dicenda
1191 621 1235 646 est.
1256 620 1336 645 extra
1354 618 1503 646 ecclesiam

663 801 707 831 85.
745 802 787 831 De
807 801 920 832 sanctis
941 801 1067 833 Puellis.

378 887 421 918 In
449 887 476 917 1.
504 887 711 926 Vesperis.

420 949 465 980 Ad
484 950 657 985 Magnificat.

273 1033 280 1039 .
303 1006 340 1036 In
364 1006 476 1044 puellis
493 1006 645 1037 Christum
669 1005 841 1047 magnifica,

305 1051 414 1083 Coetus
424 1051 537 1089 Mansi,
551 1054 657 1083 cantus
667 1056 697 1083 et
707 1052 840 1092 duplica,

305 1096 470 1136 Sepultura
493 1101 597 1129 manet
618 1099 803 1137 authentica,

302 1142 470 1174 Hilarescit
494 1144 585 1175 turba
608 1145 747 1184 angelica

350 1190 388 1220 In
412 1190 561 1227 supernis.

372 1309 430 1340 Ad
451 1308 708 1341 Matutinum.

436 1371 643 1399 Invitatorium.

305 1427 421 1466 chsem
448 1427 631 1466 puellarum
664 1428 842 1460 Dominum

352 1474 449 1505 venite
473 1474 648 1506 adoremus.

369 1592 413 1623 In
440 1591 468 1624 1.
494 1592 714 1626 Nocturno.

448 1655 637 1691 Antiphonae.

275 1736 282 1742 .
307 1711 425 1743 Nomen
451 1711 565 1743 Christi
587 1713 729 1745 mirabile

349 1758 386 1789 In
409 1758 521 1797 puellis
544 1759 676 1799 emicuit,

304 1803 386 1834 Dum
409 1805 547 1842 corporis
572 1806 705 1837 dualitas

353 1853 384 1881 et
406 1850 507 1881 unitas
532 1852 684 1891 apparuit.

274 1932 281 1939 .
308 1905 444 1944 Sponsus
468 1908 556 1937 natus
582 1908 621 1938 de
646 1908 763 1948 virgine

350 1952 477 1984 Amavit
499 1953 555 1983 has
578 1954 697 1992 puellas

304 1997 348 2028 Et
369 1998 401 2028 in
426 1999 489 2037 poli
514 2000 669 2030 cacumine

349 2043 441 2075 Facit
465 2053 532 2076 esse
554 2046 709 2085 gemellas.

273 2127 279 2133 ,
304 2099 373 2130 Hoc
396 2101 504 2131 mirum
529 2103 698 2133 monstrum
712 2102 842 2134 affluens

352 2145 531 2188 Sanctitate,

303 2192 494 2224 Mundanum
518 2202 626 2226 nomen
652 2195 789 2227 vinciens

349 2239 493 2270 Bonitate

395 2285 521 2317 Fideles
545 2287 662 2320 allexit.

1099 888 1300 923 Responsoria.

908 954 937 985 1.
962 953 1068 984 Arbor
1091 953 1231 991 plantata
1254 954 1379 986 Jericho

1009 998 1141 1031 Grossos
1162 1000 1312 1038 produxit
1336 1000 1464 1039 gratiae,

962 1045 1152 1077 Accrescens
1176 1045 1280 1077 fructu
1305 1047 1418 1078 coelico

1007 1090 1153 1123 Umbram
1182 1092 1308 1123 donavit
1331 1093 1462 1131 gloriae3

959 1136 1011 1168 Sic
1032 1136 1068 1168 fit
1093 1139 1209 1168 cunctis
1233 1138 1390 1169 miraculis

926 1207 934 1215 .
959 1183 1046 1214 Haec
1068 1183 1163 1215 factio
1187 1184 1363 1225 laudabilis,

963 1228 1067 1260 Crevit
1088 1230 1195 1261 multis
1219 1230 1378 1261 miraculis

959 1275 1220 1307 Medicamentum
1243 1277 1376 1316 populis.

929 1382 934 1389 .
960 1358 1053 1390 Alma
1076 1367 1163 1398 seges
1187 1361 1261 1391 tunc
1286 1360 1437 1399 dogmatis

1005 1405 1174 1436 Pullulavit
1196 1406 1228 1437 in
1252 1407 1385 1447 saeculo,

962 1450 1037 1482 Cum
1062 1451 1220 1483 Saturnini
1243 1453 1368 1484 monitis

1008 1498 1137 1529 Puellae
1161 1499 1292 1531 credunt
1317 1499 1466 1539 clanculo,

962 1543 1023 1574 Per
1051 1551 1138 1582 quem
1164 1543 1319 1584 refulgent
1342 1546 1472 1583 meritis,

927 1612 934 1620 .
961 1588 1106 1620 Sanctum
1129 1589 1267 1622 infundit
1289 1592 1437 1623 coelicum

961 1635 1149 1674 Angelorum
1173 1636 1318 1667 viaticum

963 1680 1097 1713 viatoris
1122 1682 1298 1715 almificum.

930 1789 937 1797 .
961 1764 1117 1797 Messores
1142 1766 1247 1805 regiae

1010 1812 1078 1850 agri
1103 1811 1249 1844 dominici

964 1857 1111 1888 Cruorem
1136 1859 1284 1899 colligunt

1008 1904 1144 1935 athletae
1165 1906 1282 1945 coelici,

961 1949 1133 1981 Pravorum
1157 1952 1246 1983 rabie

1014 1996 1085 2027 dum
1110 1999 1199 2029 tauro
1223 1999 1368 2036 trahitur,

965 2041 1035 2074 Hae
1058 2043 1138 2082 regis
1162 2043 1246 2076 filiae

1009 2089 1138 2120 multum
1164 2090 1279 2123 dolent.

928 2158 936 2166 .
962 2133 1084 2175 Videte,
1108 2137 1228 2176 populi,

1013 2185 1168 2213 certamen
1192 2183 1317 2224 humile,

966 2226 1141 2266 Deplorant
1164 2231 1245 2261 oculi

1010 2283 1068 2314 pro
1092 2278 1192 2308 morte
1214 2278 1377 2316 praesulis.
