1674 2492
664 83 915 119 —133—

592 172 640 203 49.
678 173 722 204 De
740 175 847 205 sancta
866 175 1008 206 Eusebia.

302 227 346 258 In
372 229 402 260 1.
428 230 640 268 vesperis,

343 296 388 322 Ad
406 296 583 332 Magnificat.

155 351 198 384 A.
224 350 462 390 Magnificantes
486 354 652 386 Dominum

224 398 262 429 In
286 399 411 430 saecula
434 399 632 431 benedictum

223 444 392 475 Laetemur
415 444 496 477 festo
522 446 638 477 celebri

1032 235 1234 269 Responsoria.

840 281 869 313 1.
895 281 978 312 Ecce
1002 281 1113 313 solaris
1137 281 1239 314 orbita

896 326 1024 359 Confert
1046 327 1135 358 nobis
1159 329 1309 360 solemnia

893 373 1048 405 Eusebiae
1071 374 1209 414 virginis,

895 418 1035 456 Sponsae
1057 420 1184 457 superni
1205 420 1339 459 judici53

828 463 869 494 V.
895 464 1049 496 Melodias
1075 465 1272 497 decantemus

223 489 382 521 Eusebiae
405 492 543 531 virginis

225 535 320 574 Cujus
344 536 472 569 obtentu
495 538 629 577 petimus

224 581 310 612 Solvi
334 584 471 621 peccatis
496 584 647 618 omnibus,

293 688 353 718 Ad
374 688 634 722 Matutinum.

358 751 567 778 Invitatorium.

222 806 370 837 Gaudens
394 816 495 848 surge,
522 806 607 846 Sion,

266 851 385 890 Sponso
412 853 585 891 depronere
607 854 705 885 melos

218 897 383 937 Eusebiae,
410 899 491 938 regis

264 952 407 984 sponsae,
417 945 473 976 sub
483 945 600 977 honore
609 946 765 984 perennis.

286 1054 330 1085 In
357 1056 387 1087 1.
412 1055 468 1086 No
479 1059 634 1087 cturno.

364 1117 555 1153 Antiphonae.

185 1200 191 1206 .
217 1175 410 1205 Francorum
433 1176 516 1214 regis
539 1175 642 1206 incliti

219 1219 283 1252 Sub
307 1223 449 1259 tempore
470 1220 643 1260 Dagoberti

220 1267 297 1299 Orta
321 1269 369 1296 est
391 1266 529 1298 Eusebia

218 1312 269 1344 Ex
292 1312 409 1343 illustri
433 1313 590 1351 prosapia.

185 1393 190 1399 .
217 1368 246 1399 E
272 1367 358 1398 coelo
381 1368 470 1406 lapso
494 1367 608 1406 spiritu

218 1413 393 1451 Adspirata
414 1414 545 1444 interius

214 1459 392 1492 Doctrinali
414 1459 553 1498 puellula

216 1505 371 1537 Imbuitur
395 1506 532 1538 solertia.

182 1588 188 1595 .
215 1560 397 1593 Laudabilis
419 1561 586 1600 juvencula

215 1608 252 1639 In
277 1608 436 1646 primaeva
460 1607 596 1639 aetatula

213 1654 371 1685 Divinitus
397 1654 507 1684 enituit

214 1699 367 1740 Operibus
393 1699 584 1732 clarissimis.

184 1782 189 1788 .
215 1755 312 1786 Juxta
335 1755 383 1785 sui
406 1755 558 1786 vocabula

213 1800 356 1833 Nominis
380 1800 518 1832 Eusebia

217 1846 338 1879 CuItrix
361 1846 423 1877 Dei
447 1850 515 1877 erat
536 1846 617 1877 bona

214 1893 257 1926 Et
281 1893 399 1931 pietate
421 1896 557 1923 strenua.

180 1974 188 1981 .
215 1948 332 1981 Christi
356 1956 505 1979 succensa
528 1948 641 1978 amoris

212 1996 307 2027 Alma
330 1994 418 2033 virgo
442 1993 585 2033 igniculis

214 2042 318 2080 Digna
343 2045 374 2071 et
396 2039 588 2072 honorabilis

212 2087 358 2120 Pollebat
381 2086 577 2127 elemosynis.

179 2169 186 2176 .
212 2145 324 2176 Vivam
347 2143 483 2182 seipsam
508 2142 642 2174 candido

212 2190 356 2223 Hostiam
381 2189 496 2221 obtulit
518 2197 608 2230 agno,

214 2236 351 2276 Virginis
375 2236 484 2270 matris
508 2234 583 2277 filio,

211 2284 302 2316 Haec
324 2283 457 2322 vigilans
483 2291 552 2314 cum
576 2282 654 2315 oleo.

893 509 1053 549 Tripudiis
1077 511 1275 546 solemnibus,

837 565 867 594 2.
893 564 999 596 Bonae
1022 565 1128 604 puella
1150 566 1264 597 indolis

891 609 1060 650 Refulgens
1085 612 1239 650 prosapiis

892 655 1113 688 commendata
1137 660 1184 688 est
1207 667 1226 689 a
1249 661 1349 689 matre

892 701 1041 733 Gertrudi
1064 703 1221 740 proaviae.

825 746 863 777 V.
888 747 1032 778 Vocitato
1056 748 1220 780 Hamatico

889 792 1061 824 Edocenda
1084 793 1195 825 loculo.

831 847 861 878 3.
886 847 923 877 In
946 847 1023 885 legis
1047 846 1108 877 Dei
1133 847 1282 878 doctrinis

884 892 1029 923 Educata
1054 892 1226 924 duodennis

885 938 963 969 Post
986 946 1144 969 excessum
1167 940 1316 977 proaviae

889 983 1035 1016 Succedit
1058 984 1160 1015 locum
1183 993 1303 1025 regere,

853 1056 859 1062 .
887 1030 1034 1062 Caritatis
1058 1030 1173 1061 ardens
1197 1029 1330 1070 flamma,

887 1076 1012 1115 Vigiliis
1036 1076 1172 1108 assidua.

855 1157 861 1163 .
886 1131 939 1162 Ad
963 1130 1072 1162 matris
1098 1131 1277 1163 habitacula

887 1178 981 1216 Virgo
1005 1177 1143 1209 Eusebia

884 1223 1075 1262 Regreditur
1096 1231 1155 1261 per
1177 1225 1392 1255 transmissum

884 1270 912 1299 A
937 1268 1088 1301 Nantilde
1111 1270 1291 1301 mandatum

836 1315 857 1345 ⁷.
884 1314 1021 1354 Sumptis
1046 1323 1150 1345 secum
1172 1315 1375 1353 plurimorum

884 1360 1036 1400 Reliquiis
1060 1364 1246 1394 sanctorum.

946 1449 992 1480 In
1017 1450 1047 1481 2.
1074 1448 1301 1481 Nocturno.

1027 1512 1219 1546 Antiphonae.

851 1586 858 1593 .
884 1563 922 1594 In
945 1563 1046 1595 loculo
1071 1563 1229 1602 regiminis

883 1608 1065 1640 Duodennis
1089 1609 1247 1640 Hamatici

882 1655 958 1686 Post
982 1664 1141 1687 excessum
1166 1655 1351 1689 Geretrudis

880 1701 1019 1741 Eligitur
1042 1711 1062 1733 a
1086 1702 1228 1735 caeteris,

850 1781 857 1788 .
881 1756 1043 1788 Rictrudis
1067 1757 1165 1787 sacris
1190 1757 1324 1796 genitrix

883 1803 1035 1834 Hortatur
1058 1807 1164 1834 natam
1188 1802 1320 1840 monitis1

883 1848 995 1879 Secum
1017 1848 1231 1887 spiritualibus

883 1894 1051 1926 Deservire
1074 1894 1205 1925 militiis.

849 1973 856 1980 ,
884 1948 1067 1981 Geretrudis
1092 1957 1160 1980 cum
1184 1958 1313 1989 corpore

881 1995 1023 2027 Prudens
1049 1995 1134 2035 virgo
1158 1997 1306 2035 proaviae

881 2041 934 2072 Ad
957 2043 1066 2075 matris
1090 2042 1301 2074 habitaculum

881 2087 1070 2128 Regreditur
1093 2088 1176 2120 haud
1202 2090 1349 2128 cupitum.

851 2167 858 2175 .
885 2143 1046 2183 obsequiis
1067 2145 1274 2184 mancipando

883 2189 923 2221 Se
946 2190 1110 2230 genetricis
1134 2191 1267 2224 Domino

881 2236 1075 2269 Ministravit
1097 2236 1242 2278 fideliter,

883 2283 980 2322 Quem
1005 2284 1114 2315 dilexit
1137 2283 1283 2317 feliciter.
