1656 2491
430 156 629 192 Responsoria.

238 233 264 266 1⁴
293 232 406 265 Mundi
428 232 563 264 Thomas

341 278 460 309 furores
485 279 646 316 temperat,

296 326 423 358 Famem
446 324 544 362 pellit,

343 380 362 402 a
385 373 473 409 peste
493 369 617 410 liberat,

295 418 418 450 Firmat
439 424 557 456 pacem,

340 463 469 495 salutem
493 464 628 501 reparat,

232 512 269 544 V.
294 510 419 548 Terrae,
446 508 527 540 mari

343 559 375 587 et
396 555 497 586 ventis
519 554 663 594 imperat,

296 602 398 641 Fugat
417 604 547 632 mortem

344 651 375 678 et
393 648 488 679 vitam
512 649 677 685 comparat.

244 734 274 764 2.
300 731 408 763 Clarus
433 730 524 761 claris

345 776 439 816 signis
462 776 642 814 ostenditur,

305 823 418 855 Caecus
442 821 528 853 videt

347 871 378 898 et
400 869 500 898 mutus
523 866 673 906 loquitur,

303 914 420 945 Surdus
448 913 535 944 audit

352 962 384 990 et
407 959 533 990 claudus
555 957 704 997 graditur,

303 1007 404 1044 Aeger
427 1004 555 1044 quisque

348 1059 454 1089 sospes
478 1048 654 1081 revertitur.

239 1096 275 1128 V.
301 1098 361 1128 Per
384 1100 423 1133 te,
448 1095 575 1134 Thoma,

351 1142 489 1181 captivus
511 1141 650 1180 solvitur,

303 1187 397 1227 Fugit
421 1188 559 1225 daemon,

348 1243 429 1265 mors
452 1233 517 1264 vita
541 1232 681 1264 vincitur.

250 1319 279 1350 3.
305 1316 452 1354 Princeps
476 1315 571 1354 pacis,

350 1365 478 1400 precatu
501 1361 651 1400 praesulis

306 1408 366 1439 Tui
388 1408 524 1439 Thomae

351 1452 439 1485 aufer
462 1462 480 1483 a
502 1452 625 1484 famulis

308 1500 420 1538 Calpas
445 1499 555 1537 cordis,

352 1546 414 1576 oris
439 1548 469 1576 et
492 1544 603 1583 operis,

308 1592 390 1624 Sede
412 1593 519 1622 saneta

354 1638 429 1668 siste
452 1645 507 1668 nos
531 1636 660 1675 superis,

246 1685 282 1716 V.
307 1683 370 1717 Ubi
392 1683 528 1722 plausus,

351 1737 464 1768 perpes
486 1737 549 1767 pax
571 1728 716 1767 pectoris,

308 1775 462 1815 Splendor
485 1775 594 1806 summi

353 1822 426 1853 solis
450 1829 487 1853 ac
509 1821 628 1852 sideris.

474 1926 611 1954 Prosella.

314 1993 414 2031 Super
439 1992 538 2024 coelos
562 1992 746 2030 sublimaris,

311 2038 415 2071 Gratis
439 2041 562 2078 gratans
586 2038 761 2078 gratularis,

356 2084 446 2115 Felix
470 2083 558 2115 satim
586 2083 726 2117 efficeris.

310 2132 402 2170 Tuos,
427 2131 554 2169 Thoma‚
580 2130 704 2170 tuearis,

310 2178 415 2209 Motus
437 2177 539 2209 mulce
560 2178 665 2216 magni
686 2178 780 2209 maris

311 2225 367 2263 Tu,
393 2224 445 2263 qui
470 2223 561 2263 digne
582 2224 719 2255 laudaris

357 2271 493 2310 Superis.

836 61 904 96 250
950 79 997 85 —

1039 154 1069 184 A
1079 153 1100 185 d
1123 153 1150 184 L
1161 161 1180 183 a
1187 162 1208 183 u
1217 152 1256 183 di
1264 152 1284 184 b
1295 161 1316 183 u
1323 161 1348 183 S.

1099 225 1291 260 Antiphonae.

923 309 931 316 .
957 283 1079 315 Christo
1104 282 1171 313 laus
1196 285 1228 313 et
1251 281 1349 321 gloria

1002 331 1092 361 detur
1117 337 1185 360 cum
1209 329 1334 367 honore,

960 376 1018 415 Qui
1038 375 1214 414 praecinxit
1238 373 1386 406 famulum

1002 422 1149 453 virtutum
1174 422 1296 453 decore,

923 504 931 510 .
958 477 1049 510 Caeci
1073 477 1190 514 vident,
1216 476 1375 508 ambulant

1003 523 1116 562 claudi,
1141 523 1219 554 muti
1245 521 1360 561 fantur,

959 570 1062 611 Sunii,
1090 569 1290 609 daemoniaci,

1001 616 1119 655 leprosi
1142 618 1299 647 curantur.

926 698 935 705 .
960 672 1098 712 Corpora
1123 671 1296 710 morticina,

1001 718 1140 749 membra
1163 717 1313 748 dissoluta

961 764 1040 797 Sunt
1062 763 1154 797 saluti
1178 763 1313 802 reddita,

1002 811 1087 842 vitae
1108 809 1261 840 restituta.

924 892 932 900 ,
957 866 1086 907 Tristes,
1111 864 1206 905 aegri,
1234 863 1350 895 debiles

1003 911 1044 943 ad
1068 913 1208 943 sanctum
1231 910 1393 949 accedunt,

958 958 1040 991 Justi
1064 957 1129 989 voti
1153 958 1309 995 compotes

1006 1003 1175 1043 gaudentes
1199 1003 1358 1035 recedunt.

926 1085 933 1091 .
959 1059 1127 1091 Multitudo
1157 1057 1282 1089 confluit

1005 1108 1036 1136 et
1057 1104 1147 1143 plebs
1172 1105 1296 1142 copiosa

961 1151 1161 1183 Admirantes
1186 1158 1282 1189 opera

1005 1199 1092 1228 tanta
1114 1196 1260 1235 gratiosa.

1081 1278 1126 1306 Aa
1143 1279 1323 1306 Benedictus.

929 1369 935 1376 .
962 1346 1075 1378 Sancte
1097 1344 1224 1384 Thoma,

1006 1399 1190 1422 succurrens
1214 1391 1366 1430 omnibus,

963 1438 1059 1475 Intus,
1086 1439 1176 1468 extra

1006 1492 1062 1515 nos
1085 1483 1201 1515 munda
1223 1482 1377 1522 sordibus,

963 1529 1110 1562 Caritatis

1008 1577 1054 1607 sic
1076 1575 1164 1615 reple
1186 1575 1337 1613 moribus,

964 1621 1009 1654 Ut
1032 1630 1191 1662 regnemus

1012 1670 1112 1699 tecum
1138 1667 1332 1699 coelestibus.

1032 1799 1078 1830 111
1103 1800 1133 1830 2.
1159 1797 1373 1837 vesperis.

1085 1879 1130 1907 Ad
1148 1879 1323 1915 Mag-nificat.

902 1946 940 1976 A.
968 1945 1055 1977 Sicut
1078 1944 1218 1985 fragrant
1241 1947 1330 1978 horto
1354 1946 1464 1978 florum

1014 1991 1163 2031 Gaudent,
1190 1995 1301 2024 curant
1322 1993 1398 2032 lilia,

971 2037 1104 2069 Thomas
1128 2047 1185 2077 per
1209 2039 1351 2078 exempla
1375 2049 1492 2072 morum

1012 2084 1147 2124 Fragrat
1170 2086 1201 2116 in
1227 2086 1374 2126 ecclcsia3

972 2132 1092 2164 Gaudet
1116 2131 1208 2163 choro
1234 2131 1443 2165 confessorum

1014 2176 1089 2209 Flos
1113 2178 1197 2210 vitae
1218 2179 1382 2222 munditia,

972 2224 1086 2264 culpas
1111 2228 1199 2257 curat
1222 2227 1435 2268 contritorum,

1016 2270 1085 2303 Poli
1108 2274 1249 2311 praestat
1271 2275 1420 2312 praemia.
