1679 2491
691 84 942 119 -177-

242 174 287 207 Et
309 175 342 207 in
362 175 453 208 horto
477 178 600 215 patriae

290 222 375 253 clare
399 224 568 255 coronavit.

207 293 214 300 .
240 268 349 299 Induit
373 276 442 300 eum
467 269 616 302 Dominus

287 317 377 346 veste
399 316 544 356 nuptiali,

242 361 327 400 Quae
351 364 424 393 sunt
443 361 533 404 fides,
558 372 640 404 spes,
667 364 790 402 caritas,

288 417 362 439 nam
386 412 499 441 ornatu
521 409 580 441 tali

244 455 388 486 Intratur
411 456 453 487 ad
476 457 602 495 nuptias

293 509 361 532 cum
386 509 500 541 sponso
522 502 629 542 regali.

309 613 356 645 In
381 614 412 646 3.
438 613 663 646 Nocturno.

386 686 578 722 Antiphonae.

210 769 216 775 .
242 742 305 775 Hic
327 743 438 774 merito
463 741 619 775 habitabit

287 789 349 820 Dei
372 789 584 827 tabernaculo,

246 836 324 875 Quia
347 836 464 867 crimen
489 834 627 874 evitavit,

289 882 369 914 Dum
395 883 475 914 vixit
497 882 530 913 in
555 881 688 913 saeculo.

211 964 217 970 .
241 939 300 971 Isti
322 938 408 970 Deus
432 937 544 969 tribuit

292 984 402 1017 Cordis
426 985 615 1016 desiderium

241 1032 287 1063 Et
308 1032 465 1063 internam
490 1031 688 1062 dulcedinem

292 1077 376 1109 Coeli
400 1077 554 1117 praebens
578 1076 760 1117 praemium.

210 1159 217 1165 .
242 1135 395 1167 Innocens
423 1132 483 1165 fuit
507 1132 649 1164 manibus

242 1181 287 1212 Et
308 1181 379 1220 pius
404 1180 519 1212 sanctis
542 1179 698 1220 precibus,

244 1227 297 1259 Sic
320 1227 444 1259 scandit
469 1227 510 1259 ad
532 1226 709 1264 Dominum,

244 1275 369 1306 Patrem
395 1276 426 1304 et
450 1272 566 1305 fontem
592 1273 751 1304 luminum.

384 1356 587 1391 Responsoria.

211 1439 218 1446 .
242 1413 305 1445 Hic
327 1413 477 1445 mandata
499 1412 626 1444 Domini

293 1468 450 1500 nunquam
475 1461 523 1490 est
546 1462 769 1498 transgressus,

244 1507 282 1538 In
305 1507 405 1545 ipsius
426 1505 564 1545 requiem

290 1553 375 1591 juste
400 1555 449 1583 est
471 1553 629 1591 ingressus

243 1598 410 1630 Fruitur-us
434 1600 535 1638 gloria

294 1654 413 1677 messor
436 1643 623 1677 indefessus.

211 1717 218 1723 .
243 1692 363 1724 Fidelis
387 1691 525 1731 servitio,

245 1737 381 1768 Humilis
408 1737 565 1777 obsequio,

248 1783 344 1815 Utilis
370 1784 507 1822 consilio,

251 1829 366 1861 Christi
391 1829 563 1860 ministerio

293 1875 417 1907 Firmos
442 1878 551 1907 tenens
575 1882 708 1914 gressus.

215 1959 222 1965 .
247 1932 388 1964 Lumbos
412 1932 620 1963 continentiae

295 1980 417 2020 cingulo
441 1978 626 2018 praecinxit,

252 2026 338 2059 Luce
362 2025 536 2066 sapientiae

293 2074 419 2113 populis
443 2072 557 2112 illuxit,

247 2120 301 2152 Sic
324 2122 439 2153 ardens
462 2120 594 2151 interius

245 2167 288 2199 Et
312 2168 418 2200 lucens
445 2166 580 2198 exterius

293 2214 455 2247 Perfectus
480 2212 616 2252 refulsit,

182 2261 219 2293 V.
244 2261 328 2293 Hinc
352 2270 462 2294 secure
486 2261 590 2301 potuit

291 2308 445 2349 Sponsum
472 2311 668 2347 exspectare,

234 2368 357 2394 Drevw,
372 2367 492 2390 Historiae
506 2365 659 2393 rhythmicae.
688 2364 719 2387 ΙΙ.

914 179 990 211 Cum
1014 178 1149 220 Christo,
1176 177 1248 208 dum
1273 175 1385 214 adfuit,

959 225 1095 264 Nuptias
1118 224 1245 256 intrare.

880 306 887 313 .
914 279 1080 314 Confessor
1105 279 1290 319 dulcissime,

960 327 984 360 O
1008 328 1064 359 1vo
1086 326 1226 366 Haelori,

914 373 1051 412 AdJ'utor
1076 373 1263 414 cognomine,

960 419 1007 451 Tu
1030 421 1137 451 nostro
1163 419 1286 458 corpori

913 465 1005 496 Nunc
1028 464 1182 497 fervorem
1206 465 1358 508 imprime,

912 511 1045 543 Nostros
1068 512 1173 543 hostes
1197 511 1348 550 opprime,

961 559 1113 590 Succurre
1135 558 1245 589 labori.

879 627 885 633 .
912 603 1002 635 Filiis
1026 604 1174 635 auxilium

959 649 1031 689 Fer,
1060 651 1132 682 dum
1155 651 1188 682 in
1213 658 1309 689 agone

914 695 1002 735 Sunt,
1028 694 1145 727 frustra
1168 696 1338 728 remedium

912 741 1014 773 Datur
1038 742 1088 773 vel
1113 742 1273 773 consilium

958 790 1029 821 Jam
1053 786 1136 819 facto
1161 788 1314 820 themone.

1087 860 1217 887 Prosula.

881 941 888 948 .
914 918 1058 956 Apparet
1079 917 1113 948 in
1136 917 1244 948 arduis

912 965 999 996 Vivis
1024 966 1116 1003 atque
1138 963 1269 995 mortuis

957 1011 1026 1043 Tua
1048 1010 1242 1051 intercessio,

915 1056 1011 1088 Curta
1033 1057 1139 1095 lingna
1161 1064 1218 1095 pro
1243 1058 1338 1095 ponte

909 1104 985 1143 Ipsa
1005 1102 1124 1142 longita
1148 1105 1259 1142 sponte

956 1149 1079 1182 Edocet
1103 1149 1262 1188 mysterio.

877 1229 885 1239 .
910 1204 982 1237 Non
1005 1205 1107 1236 minus
1131 1214 1189 1243 pro
1215 1203 1388 1235 cathedrali

911 1252 949 1283 In
974 1252 1089 1290 templo
1115 1251 1215 1282 sancti
1239 1250 1394 1289 Tudguali

960 1300 1078 1330 Sonant
1102 1300 1189 1329 curta
1213 1297 1307 1336 h'gna,

913 1344 1067 1383 Bipedum
1094 1343 1280 1375 curtitudine

915 1391 1053 1429 Quatuor
1076 1390 1271 1429 longitudine

958 1437 1104 1476 Longans
1128 1436 1223 1468 laude
1248 1436 1350 1476 digna.

881 1519 887 1526 .
914 1494 1080 1525 Possessus
1103 1501 1121 1523 a
1147 1492 1307 1524 daemonio

914 1540 1006 1571 Hunc
1028 1542 1167 1570 terrente
1192 1538 1344 1578 colloquio

958 1586 1069 1617 Laude
1091 1585 1215 1624 plaudit
1238 1594 1341 1623 sanus,

917 1632 1013 1664 Multi
1040 1630 1178 1664 defuncti
1201 1631 1321 1662 nobiles

918 1678 1063 1710 Gaudent
1086 1681 1178 1717 atque
1199 1678 1352 1717 ignobiles

960 1725 1054 1756 Nunc
1073 1725 1139 1756 vivi
1164 1728 1195 1756 et
1216 1733 1326 1755 manus

884 1807 891 1814 .
917 1780 1089 1812 Nautorum
1114 1782 1146 1811 et
1168 1779 1407 1819 submersorum,

915 1827 1082 1859 Hominum
1109 1829 1140 1857 et
1159 1827 1378 1866 jumentorum,

964 1873 1068 1905 Corda
1090 1875 1275 1915 restaurata,

918 1919 1063 1951 Liberati
1084 1918 1257 1959 naufragiis

915 1966 959 1997 Et
983 1966 1127 1997 exstincti
1151 1967 1304 1998 incendiis

963 2013 1026 2045 Per
1048 2014 1147 2045 multa
1171 2013 1296 2045 climata

862 2071 892 2103 5.
918 2069 1057 2101 Narrant
1080 2070 1139 2101 hoc
1162 2070 1262 2101 Deum
1286 2070 1460 2111 laudantes,

918 2116 984 2155 Ivo,
1011 2117 1060 2147 cui
1083 2115 1262 2149 affectantes

964 2163 1115 2203 Subsequi
1140 2164 1279 2204 vestigia.

919 2210 1003 2250 Ergo
1028 2211 1136 2243 laudes
1160 2211 1227 2243 Deo
1251 2212 1322 2244 vivo

922 2256 1072 2290 Concinat
1095 2260 1126 2289 et
1149 2258 1217 2298 tibi,
1242 2259 1309 2296 Ivo,

964 2305 1052 2336 Haec
1075 2305 1164 2345 plebs
1190 2313 1259 2337 cum
1282 2306 1412 2337 laetitia.

1258 2359 1292 2387 12
