1656 2491
760 86 1011 121 —256—

457 183 656 217 Responsoria.

289 256 296 262 .
321 232 358 263 In
381 240 493 270 papam
519 230 641 269 eligitur

367 280 441 308 nutu
467 276 599 314 deitatis,

321 322 498 362 Tudgualus
524 320 656 352 efficitur

367 372 468 399 rector
490 368 576 400 Petri
598 368 685 406 ratis,

323 414 430 447 Claves
456 414 532 445 coeli
554 413 674 452 bajulat

366 460 463 499 portis
488 459 650 499 reseratis3

287 530 294 537 .
319 506 380 538 Hic
402 505 487 543 facit,
511 508 547 536 ut
568 507 697 544 pateant

368 552 511 583 coelestia
534 560 630 591 regna
652 551 760 582 beatis.

290 632 297 639 .
321 607 471 639 Lamenta
490 607 671 638 Britanniae

367 652 492 685 tandem
515 656 586 683 sunt
609 653 711 684 soluta

322 699 474 738 Tudguali
497 699 673 738 praesentia

367 745 426 775 sibi
449 745 602 784 restituta,

322 790 500 822 Adventum
522 789 678 829 pontificis

366 837 472 876 lingua
492 837 575 868 canit
595 840 690 877 muta,

290 908 297 914 .
322 883 443 914 Flebile
466 883 651 922 principium

366 929 476 959 melior
499 928 623 960 fortuna
646 931 758 960 secuta.

294 1010 300 1016 .
329 983 485 1023 Completo
512 984 663 1014 curriculo

368 1029 545 1068 temporalis
569 1031 666 1060 status

323 1075 499 1114 Tudgualus
525 1075 563 1106 de
588 1083 710 1106 carcere

371 1121 471 1152 carnis
494 1122 642 1152 liberatus

326 1167 378 1198 Ad
403 1167 543 1198 eoelestis
567 1167 684 1206 gloriae

371 1221 497 1252 regnum
523 1215 570 1243 est
592 1214 777 1248 translatus;

292 1282 299 1289 .
324 1259 385 1290 Pro
410 1258 484 1290 fidei
504 1260 621 1290 meritis

372 1306 524 1336 vocitatur
544 1305 615 1343 J‘ure
637 1304 754 1336 beatus.

419 1387 435 1418 Ι
442 1396 463 1418 n
485 1387 514 1418 L
524 1395 543 1418 a
549 1396 569 1417 u
580 1387 647 1419 dib
655 1397 675 1418 u
684 1396 708 1419 s.

469 1439 659 1476 Antiphonae.

274 1490 304 1520 1.
330 1489 436 1528 Nunc,
461 1488 630 1529 Tudguale‚
654 1498 729 1520 vere
751 1490 866 1529 gaudes

330 1535 476 1566 Reddens
501 1534 567 1565 Deo
592 1542 680 1566 veras
704 1535 812 1567 laudes

372 1580 411 1610 In
434 1580 493 1611 Dei
515 1581 700 1619 praesentia.

947 214 955 221 .
979 188 1073 220 Nune
1094 189 1128 219 in
1151 187 1219 219 Deo
1239 195 1389 227 praesens
1411 186 1511 225 vides,

980 235 1068 274 Quod
1094 233 1253 274 credebas,
1276 236 1377 265 cessat
1399 232 1487 276 fides,

1026 280 1172 312 Succedit
1196 280 1337 312 scientia.

947 381 953 387 .
980 355 1060 393 Quid
1084 353 1183 387 filium
1206 354 1360 395 generari,

979 401 1060 440 Quid
1084 402 1229 440 spiritum
1253 401 1295 431 sit
1315 400 1439 441 spirari,

1027 447 1157 487 Spectas
1180 457 1242 479 non
1266 456 1324 486 per
1346 447 1514 486 speculum.

948 545 955 551 .
979 520 1150 553 Manifesta
1173 521 1344 552 trinitatem

980 568 1017 599 In
1039 568 1192 606 personis,
1217 567 1368 599 unitatem

1029 613 1136 645 Cernis
1159 614 1192 645 in
1218 615 1361 646 essentia.

949 714 955 720 .
982 688 1073 719 Nunc
1097 688 1205 719 visitas
1231 688 1386 727 deitatem,

981 734 1076 765 Vides
1103 737 1134 764 et
1157 734 1379 766 humanitatem

1030 780 1125 812 Oculo
1148 781 1190 813 ad
1214 781 1346 813 oculum.

1096 871 1141 898 Ad
1163 871 1345 899 Benedictus-

949 962 955 968 .
983 938 1050 969 Non
1074 938 1223 969 talentum
1249 939 1414 970 tumulavit

1030 984 1183 1024 Tudguali
1208 985 1336 1016 solertia

986 1030 1048 1062 Sed
1072 1031 1221 1062 lucrando
1246 1031 1420 1069 reportavit

1027 1076 1159 1108 Domino
1183 1076 1333 1116 duplicia.

1050 1215 1094 1247 In
1121 1217 1151 1247 2.
1179 1215 1392 1254 Vesperis.

1098 1297 1144 1324 Ad
1160 1297 1336 1333 Mag-nificat.

952 1386 958 1392 .
983 1361 1165 1400 Magnificat.
1187 1363 1354 1395 Dominum

1031 1410 1174 1440 eoelestis
1195 1411 1283 1441 curia
1304 1411 1437 1450 trinum,

986 1455 1043 1493 Qui
1067 1455 1184 1493 triplici
1206 1465 1326 1495 gemma

1031 1501 1164 1540 Tuguali
1184 1506 1271 1533 ornat
1296 1502 1448 1535 diadema.

337 1662 473 1696 Legenda
490 1670 542 1688 ms.
554 1663 737 1689 Treviri-ensis
755 1671 828 1690 saec.
843 1661 887 1690 15.
914 1664 981 1692 cod.
995 1665 1132 1692 Parisien.
1150 1663 1230 1693 1148.
1244 1680 1282 1685 —-
1299 1666 1335 1693 In
1354 1665 1380 1693 1.
1392 1667 1479 1702 Vesp.
1501 1665 1532 1699 Β,

264 1735 444 1798 ἒζξῃεαίιῇεἰῒ
468 1735 573 1762 Clu-isti
603 1738 729 1771 gemeint
774 1738 827 1764 sin.

283 1777 307 1800 ὔ-
337 1780 378 1807 sq.

267 1697 280 1725 1
301 1698 475 1733 'rugdualem
494 1699 547 1726 Hs.
567 1713 603 1717 —
622 1699 656 1725 In
675 1700 764 1726 Laud.
791 1699 813 1725 Α
833 1700 862 1734 5,
890 1699 907 1727 2
927 1702 1115 1729 humilitatem
1141 1703 1209 1736 Hs13
1236 1711 1265 1730 es
1289 1704 1361 1731 wird
1387 1704 1464 1732 wohl
1484 1705 1530 1732 die

912 1739 968 1765 Die
994 1739 1128 1773 Hymnen
1157 1740 1216 1775 vgl.
1243 1741 1383 1768 Analecta
1405 1742 1478 1773 xli,
1503 1751 1531 1777 p.

688 1873 732 1904 98.
770 1874 812 1904 De
830 1875 935 1906 sancto
954 1875 1107 1907 Valarieo.

399 1950 442 1980 In
468 1950 497 1981 1.
523 1950 730 1990 Vesperis.

448 2013 493 2040 Ad
509 2014 682 2050 Magnificat.

265 2066 305 2098 A.
331 2065 467 2098 Coelitus
489 2067 620 2097 ostensis

376 2112 470 2151 signis
494 2120 584 2151 quam
606 2112 746 2152 pluribus
768 2114 856 2146 almis

331 2158 401 2189 1100
424 2157 535 2189 festum
558 2159 656 2190 saneti

376 2204 563 2235 celebremus
584 2206 649 2243 jam
675 2206 819 2246 Valarici,

332 2251 434 2290 Ipsius
457 2255 493 2280 ut
515 2252 632 2283 meritis

377 2297 559 2329 celebrando
580 2298 722 2336 juvemur
746 2299 865 2338 opimis.

1053 1956 1114 1987 Ad
1137 1956 1173 1987 M
1184 1956 1402 1989 atutinum.

1120 2029 1329 2057 Invitam-inm.

987 2085 1103 2125 Regem
1126 2094 1231 2125 regem
1258 2095 1444 2119 veneremur

1033 2132 1141 2164 Mente
1166 2133 1374 2174 devotissima,

988 2178 1046 2217 Qui
1070 2178 1195 2210 beatum
1217 2179 1395 2211 Valarieum

1032 2224 1205 2257 illustravit
1230 2226 1340 2265 gratia.
