1656 2491
284 191 323 224 V.
349 192 449 223 Nocte
471 193 550 222 coeli
564 192 754 231 perlustrans
772 190 890 221 lumina

295 293 324 322 2.
354 291 491 323 Granum
514 299 670 322 exsussum
693 291 782 329 palea

804 97 1033 132 ..66-

1010 189 1047 220 In
1072 188 1168 219 coelis
1191 188 1225 218 in
1245 189 1388 219 maximis

1056 233 1210 265 Ascendit
1234 233 1419 264 sublimiter.

951 291 982 321 4.
1009 288 1100 320 Felix
1123 288 1184 318 iste

350 237 410 268 Die
433 238 525 268 terris
551 238 603 269 dat
626 237 709 267 vitae
732 235 857 267 semina.

1218 303 1411 312 ------

395 337 483 368 Nexu
506 337 636 367 solutum
661 336 743 366 luteo

352 382 399 413 De
422 382 571 412 mundiali
594 389 668 411 area

395 427 478 458 Coeli
502 427 621 457 locatur
644 426 765 457 horreo.

282 473 317 503 V.
346 472 369 503 O
395 480 462 502 cum
486 474 599 509 quanto
614 475 756 510 receptus
773 472 884 511 gaudio

289 573 318 604 3.

345 517 382 547 In
408 517 566 548 doctorum
589 515 688 556 fulget
712 517 875 549 consortio.

347 571 476 611 Gregem
500 573 595 611 tuum,
620 574 727 609 pastor
752 572 883 611 egregie,

344 616 468 647 Festum
493 619 578 647 tuum
603 618 752 649 colentem
775 617 869 649 hodie

342 662 417 693 Tuis
441 663 557 693 sanctis
583 661 716 695 defende
739 663 882 703 precibus

344 709 374 739 A
398 709 548 740 malorum
567 709 683 740 cunctis
698 709 882 748 incursibus,

308 775 312 781 .
343 754 388 786 Ut
410 753 467 785 sub
491 756 543 785 tuo
566 763 649 786 nunc
669 755 851 794 patrocinio,

344 799 410 830 Tuo
434 800 560 831 tandem
583 800 625 832 sit
647 800 679 831 in
705 802 867 833 consortio.

455 905 484 934 A
495 905 514 935 d
535 905 563 936 L
571 914 589 935 a
599 914 617 935 u
627 905 647 936 d
657 913 673 936 e
682 914 706 937 s.

487 967 675 1002 Antiphonae.

313 1050 320 1057 .
345 1027 445 1057 Adest
470 1027 535 1057 dies
559 1029 732 1065 memoriae,

348 1072 414 1109 Qua
436 1072 615 1104 Barnardus
639 1073 785 1105 mirificus

350 1117 476 1149 Transit
499 1119 539 1149 ad
563 1127 666 1158 regem
689 1120 814 1160 gloriae,

350 1163 435 1194 Civis
459 1162 584 1195 effectus
609 1165 752 1196 coelicus.

315 1243 321 1249 .
347 1217 370 1248 O
397 1226 462 1248 cum
488 1221 602 1256 quanta
625 1218 744 1250 laetitia

347 1262 501 1302 Receptus
526 1266 573 1294 est
594 1265 628 1294 in
653 1265 754 1302 caelis,

348 1309 424 1341 Cum
449 1308 488 1339 de
509 1318 581 1340 mna
603 1309 691 1341 lucra
713 1310 799 1341 varia

348 1354 500 1392 Reportat
522 1355 570 1386 vir
592 1354 704 1386 fidelis.

314 1432 320 1438 .
346 1407 382 1438 In
406 1408 497 1440 terris
522 1409 553 1440 in
577 1409 706 1440 modicis

396 1453 513 1485 Gerens
537 1463 570 1485 se
592 1454 736 1494 fideliter,

1055 334 1150 372 Quem
1161 333 1312 372 Christus,
1326 311 1450 372 quando
1460 333 1555 373 venit,

1009 379 1110 419 Super
1135 387 1257 418 gregem
1283 387 1373 409 suum
1395 379 1532 410 sollicite

1053 425 1242 464 Vigilantem
1265 424 1394 456 invenit.

950 481 979 512 5.
1006 480 1089 511 Laus
1107 479 1175 511 Deo
1199 480 1242 511 sit
1263 488 1321 518 pro
1346 480 1405 511 tali
1428 478 1554 520 famulo,

1006 526 1102 563 Quem
1125 525 1317 557 laudandum
1334 535 1353 557 a
1368 534 1424 558 suo
1440 527 1556 565 populo

1007 571 1148 603 Christus
1173 570 1250 603 fecit
1271 572 1305 602 in
1322 573 1405 603 omni
1420 574 1553 604 saeculo.

1122 645 1166 671 Ad
1185 644 1367 672 Benedictus.

973 724 979 731 .
1005 700 1133 732 Transit
1144 701 1272 739 praesul
1286 701 1327 732 ad
1342 701 1420 733 coeli
1432 702 1554 741 solium,

1006 746 1078 778 Dux
1103 746 1144 777 ad
1167 748 1336 786 sceptrum,

1051 801 1158 824 cursor
1182 793 1223 824 ad
1248 792 1401 833 bravium,

1005 839 1093 870 Mors
1108 838 1142 868 in
1159 839 1266 876 vitam,
1283 839 1373 871 labor
1389 840 1422 871 in
1444 840 1553 880 otium,

1007 885 1158 916 Praesens
1184 885 1268 916 cedit

1051 931 1153 961 luctus
1175 931 1207 961 in
1232 931 1388 970 gaudium.

1079 1021 1123 1053 In
1149 1023 1180 1053 2.
1206 1022 1261 1052 Ve
1273 1031 1313 1060 sp
1325 1024 1418 1056 eris.

1121 1084 1166 1110 Atl
1184 1084 1360 1120 Magnificat.

974 1162 981 1170 .
1005 1139 1029 1170 Ο
1054 1140 1180 1178 praesul
1205 1141 1324 1179 eximie,

1055 1186 1172 1216 Norma
1196 1186 1380 1228 sanctitatis,

1007 1231 1137 1262 Pietatis
1161 1232 1330 1272 vasculum,

1052 1277 1152 1308 Homo
1177 1278 1326 1318 veritatis,

1006 1321 1076 1353 Tua
1096 1331 1154 1360 per
1178 1323 1326 1362 suffragia

1054 1368 1183 1399 Veniam
1207 1370 1345 1407 peccatis

1006 1412 1048 1443 Et
1073 1413 1168 1444 vitam
1189 1414 1223 1445 in
1247 1415 1344 1454 gloria

1055 1459 1184 1490 Praesta
1209 1468 1278 1491 cum
1302 1461 1411 1492 beatis.

360 1517 439 1543 Brev.
459 1516 488 1543 S.
508 1518 646 1545 Bai-nardi
666 1519 697 1544 in
715 1519 851 1546 Romanis
873 1521 939 1556 imp.
958 1521 1095 1548 Romanis
1117 1520 1196 1549 1518.

624 1616 668 1645 22.
706 1616 738 1646 In
761 1617 972 1649 Translatione
993 1625 1016 1648 s.
1037 1618 1196 1649 Barnardi.

419 1683 464 1714 ln
490 1683 519 1714 1.
546 1684 754 1721 Vesperis.

490 1745 679 1781 Antiphonae.

316 1836 323 1843 .
349 1810 549 1850 Congaudeat
572 1812 703 1843 ccclesia

393 1857 517 1888 Summa
541 1865 608 1888 cum
634 1858 805 1896 devotione,

345 1902 444 1933 Laeta
466 1903 602 1940 psallens
626 1905 792 1941 praeconia

392 1948 547 1979 Barnardi
570 1950 780 1981 translatione.

315 2048 320 2052 .
347 2021 462 2052 Vivens
484 2021 518 2051 in
541 2022 655 2053 mundo
679 2021 822 2055 fundavit

393 2067 555 2105 Templum
579 2068 662 2099 istud
686 2069 815 2101 mirifice

346 2112 388 2143 Et
411 2113 511 2144 locum
535 2113 735 2153 amplificavit

392 2159 596 2198 AdJ‘acentem
620 2160 789 2200 magnifice.

312 2257 320 2263 .
348 2232 372 2260 Ο
397 2232 567 2271 Barmrde,
592 2237 700 2272 pastor
723 2236 785 2274 pie,

392 2278 490 2318 Aperi
514 2282 582 2310 tuos
607 2280 720 2312 oculos.

1007 1686 1141 1725 Respice
1162 1696 1218 1719 nos
1243 1688 1336 1719 hodie

1055 1732 1108 1764 Ad
1131 1735 1164 1763 te
1187 1734 1355 1766 clamantes
1379 1735 1521 1770 famulos.

951 1787 981 1818 4.
1007 1786 1095 1818 Sicut
1117 1788 1206 1820 miles
1230 1798 1318 1821 arma
1343 1800 1397 1823 sua

1055 1833 1198 1865 Custodit
1220 1845 1240 1866 a
1263 1836 1414 1877 rubigine,

1008 1878 1069 1916 Sic,
1094 1879 1265 1920 Bamarde,
1290 1891 1362 1914 ossa
1385 1887 1440 1915 tua

1055 1925 1241 1959 Praeservas
1266 1937 1286 1959 a
1308 1930 1485 1967 putredine.

953 1980 982 2012 5.
1007 1979 1090 2011 Nam
1111 1980 1265 2014 Reinaldo
1290 1986 1479 2024 praecepisti

1059 2026 1177 2065 Corpus
1202 2031 1286 2060 tuum
1312 2031 1472 2062 exhumari

1008 2071 1076 2103 Nec
1098 2081 1160 2103 non
1183 2074 1261 2107 illud
1286 2077 1476 2110 mandavisti

1053 2119 1221 2151 Honestius
1246 2122 1404 2156 collocari.

1127 2187 1173 2214 Ad
1190 2189 1364 2225 Magnificat-

942 2238 981 2270 A.
1008 2239 1140 2270 Puerum
1165 2249 1251 2272 suum
1276 2245 1413 2284 suscepit

1052 2286 1152 2317 Israel
1178 2287 1385 2333 devotissime,
