1679 2491
700 70 930 106 -,91..μ

241 163 313 195 Non
337 164 371 195 in
395 166 482 196 terra
505 165 561 197 sed
586 166 618 197 in
644 166 729 198 coelo

241 208 494 241 Conversabatur
519 211 632 250 animo,

174 256 211 286 V.
239 254 318 292 Quia
340 256 454 287 melior
478 260 526 287 est
550 257 617 289 dies
640 266 703 288 uua

241 301 278 332 In
303 301 391 332 atriis
417 301 478 333 Dei
502 311 597 342 super
620 303 716 334 milia.

176 358 207 389 2.
232 356 422 388 Praeclarae
444 365 525 395 puer
548 357 663 389 indolis

241 401 346 433 Sacris
370 403 506 434 traditus
531 403 644 434 studiis

239 448 317 480 Mox
341 451 482 480 tesauros
507 449 707 487 plenissimae

240 494 385 533 Adeptus
411 497 458 526 est
482 495 650 535 scientiae;

175 540 211 571 V.
240 543 336 578 Quem
363 541 495 580 diligens
520 550 576 572 rex
600 542 633 573 in
656 550 712 572 sua

241 587 423 619 Introduxit
448 587 585 618 cellaria.

185 643 215 674 3.
242 641 401 673 Christum
424 643 528 673 nudus
553 642 668 673 ardens
690 641 777 681 sequi

242 688 287 720 Et
310 687 468 727 abnegans
492 690 592 718 semet
615 687 676 718 sibi

244 733 393 764 Sanctum
416 734 497 772 petit
520 733 735 771 Maximinum,

240 779 341 811 Fama
365 782 397 810 et
420 779 485 809 vita
509 778 686 819 maximum,

175 826 215 857 V.
239 825 285 857 Ut
308 833 378 856 cuni
402 828 509 856 sancto
533 823 752 863 fiatsanctus,

244 871 320 903 Cum
346 872 445 902 electo
470 871 512 901 sit
537 871 664 903 electus.

310 982 356 1014 In
380 982 411 1013 2.
437 980 494 1013 No
507 983 572 1011 ctu
583 988 664 1011 rno.

389 1044 582 1079 Antiphonae.

187 1098 216 1130 1.
242 1097 305 1130 Hic
329 1097 432 1128 vultus
458 1097 504 1127 tui
528 1095 645 1127 lumine

243 1143 424 1183 Insignitus‚
452 1151 469 1173 o
493 1142 637 1180 Domine,

243 1190 289 1223 Ut
311 1190 344 1220 in
368 1197 448 1228 pace
470 1189 503 1219 in
528 1188 664 1226 idipsum

243 1235 441 1275 Requiescat,
467 1233 549 1273 fugit
571 1233 731 1266 mundum.

187 1294 216 1324 2.
242 1290 329 1330 Ergo
355 1298 486 1329 sperans
510 1289 542 1319 in
568 1291 608 1328 te,
634 1288 730 1329 Deus,

246 1338 341 1376 Cujus
370 1339 456 1368 scuto
482 1337 547 1366 stat
568 1338 738 1375 protectus,

245 1383 327 1414 Voto
349 1382 432 1421 petit
451 1381 646 1420 martyrium,

246 1429 292 1462 Ut
316 1429 452 1460 exsultet
471 1428 502 1459 in
529 1429 699 1458 aeternum.

189 1488 220 1519 3.
246 1485 383 1517 Arianos
406 1484 600 1523 gentilesque

246 1531 394 1563 Revincis
420 1531 486 1569 ejus
512 1529 665 1568 dogmate,

245 1578 331 1609 Hinc
354 1577 456 1616 gloria
479 1578 510 1606 et
533 1575 652 1606 honore

246 1625 385 1657 Coronas
410 1630 490 1661 eum,
515 1621 657 1652 Domine.

383 1704 589 1740 Responsoria.

191 1762 221 1792 1.
248 1758 312 1791 Sub
336 1756 484 1796 praesule
506 1754 679 1786 Maximino

245 1805 355 1837 Gradu
380 1802 505 1834 functus
528 1800 670 1831 Levitico

244 1849 436 1889 Dignissime
462 1847 573 1879 Castor
596 1849 737 1877 sanctum

243 1894 398 1929 Exhibuit
422 1892 569 1925 officium.

178 1945 217 1976 V.
244 1943 365 1975 Audite
388 1944 422 1972 et
443 1937 647 1975 mundamini,

245 1989 304 2029 Qui
328 1997 403 2020 vasa
429 1985 519 2018 fertis
543 1983 679 2016 Domini.

187 2049 219 2080 2.
245 2046 328 2077 Dum
351 2052 410 2083 pro
435 2041 563 2074 summis
588 2038 757 2070 virtutibus

243 2092 356 2132 Dignis
383 2089 509 2122 effertur
532 2086 689 2125 laudibus,

242 2138 369 2171 Laudes
394 2145 466 2168 suas
490 2144 510 2167 a
532 2134 637 2173 seipso

244 2185 387 2224 Quodam
409 2182 537 2222 repellit
559 2179 642 2219 odio,

177 2234 215 2266 V.
244 2232 324 2270 Quia
347 2230 447 2262 nescit
470 2226 599 2267 gloriari

243 2278 315 2310 Nisi
337 2277 371 2309 in
397 2284 488 2308 cruce
511 2273 647 2306 Domini.

856 167 887 199 3.
913 165 937 197 O
965 165 1077 197 caritas
1102 172 1222 195 summa
1243 163 1313 201 viri,

911 212 980 250 Qua
1001 210 1132 249 requirit
1154 210 1273 242 vultum
1296 208 1367 247 Dei,

913 257 1010 295 Quam
1034 257 1179 289 sacerdos
1204 257 1400 287 consecratus

912 303 958 335 Ut
981 302 1206 341 contempletur
1232 301 1361 338 dulcius,

911 349 1047 380 Secessit
1068 352 1177 387 petens
1203 355 1339 378 eremum

913 394 1007 431 Quasi
1031 394 1144 434 quietis
1167 393 1325 425 lectulum.

847 439 883 473 V.
908 440 1002 479 Ecce,
1025 441 1135 478 inquit,
1158 443 1192 470 tu
1215 439 1346 478 pulcher
1370 446 1412 476 es,

911 485 1036 517 Dilecte
1058 487 1110 525 ini,
1137 488 1168 516 et
1194 485 1332 523 decorus,

913 531 1060 563 Lectulus
1084 534 1190 563 noster
1212 530 1350 562 floridus.

978 623 1022 655 In
1049 624 1080 655 3.
1105 622 1161 654 No
1173 625 1330 653 cturno.

1055 681 1245 715 Antiphonae.

857 733 888 765 1.
915 730 1053 763 Confisus
1079 734 1126 762 est
1149 732 1181 762 in
1205 731 1349 770 Domino,

911 777 1007 815 Quem
1033 776 1164 815 diligens
1191 776 1286 807 corde
1309 779 1374 808 toto

914 822 1163 861 Transmigravit
1185 830 1205 852 a
1228 824 1332 861 patna

913 869 1038 900 Amoris
1064 868 1130 906 ejus
1153 868 1263 907 gratia.

857 925 888 955 2.
913 922 964 954 En
986 924 1020 954 in
1044 925 1149 953 monte
1170 921 1231 954 Dei
1254 925 1361 954 sancto

914 968 1094 1008 Requiescit
1118 976 1156 999 ex
1179 968 1289 999 merito

913 1016 1068 1054 operatus
1089 1014 1242 1053 justitiam

916 1061 1025 1093 Castor
1049 1063 1081 1092 et
1103 1060 1311 1092 innocentiam

858 1118 888 1149 3.
915 1117 939 1148 Ο
962 1116 1104 1155 Domine,
1130 1124 1186 1147 rex
1211 1116 1370 1155 virtutum,

916 1162 973 1200 Qui
999 1160 1207 1193 confessorem
1231 1164 1317 1192 tuum

913 1208 1067 1247 Dignatus
1093 1216 1125 1238 es
1148 1208 1334 1246 praevenire

915 1255 954 1286 In
977 1257 1031 1285 tua
1056 1253 1232 1292 dulcedine,

914 1300 972 1333 Cui
994 1300 1091 1331 vitam
1114 1298 1252 1330 tribuisti

915 1347 953 1378 In
977 1345 1134 1377 saeculum
1157 1344 1283 1376 saeculi.

1054 1413 1107 1440 Res
1112 1420 1180 1448 pons
1187 1413 1257 1439 oria.

859 1467 891 1499 1.
912 1465 973 1497 Vir
997 1464 1127 1505 insignis
1153 1462 1318 1495 virtutibus

914 1511 1008 1543 Vitae
1032 1510 1174 1542 coelestis
1198 1509 1382 1548 splendidus

914 1557 967 1589 Ad
990 1557 1163 1595 exemplum
1188 1555 1362 1587 sanctitatis

915 1604 961 1635 Ut
981 1604 1102 1641 lampas
1127 1600 1215 1633 fulsit
1237 1601 1381 1640 subditis,

851 1651 888 1683 V.
916 1650 1065 1688 Quoniam
1088 1648 1271 1680 illuminasti

915 1696 1091 1727 Lucernam
1115 1694 1192 1734 ejus,
1216 1693 1360 1725 Domine.

859 1753 892 1784 2.
917 1752 998 1782 Vere
1023 1750 1122 1781 crucis
1148 1748 1265 1780 Christi
1289 1756 1422 1786 servum,

917 1797 975 1835 Qui
998 1804 1057 1835 per
1081 1795 1181 1825 crucis
1205 1793 1406 1833 signaculum,

918 1845 1000 1880 Quos
1024 1841 1137 1872 terruit
1159 1839 1334 1878 naufragio,

918 1888 996 1919 Mox
1021 1887 1102 1918 eruit
1123 1886 1273 1926 periculo.

851 1934 891 1969 V,
916 1934 1056 1965 Dextera
1070 1932 1196 1964 Domini
1212 1931 1288 1963 fecit
1303 1932 1460 1970 virtutem,

916 1980 1055 2011 Dextera
1069 1979 1196 2011 Domini
1217 1978 1367 2011 exaltavit
1383 1985 1460 2009 eum.

861 2037 891 2068 3.
919 2035 1077 2067 Pretiosus
1102 2034 1162 2066 Dei
1187 2034 1307 2073 Castor,

916 2081 1029 2113 Mundi
1054 2081 1145 2113 fortis
1169 2080 1388 2120 triumphator,

917 2128 1023 2159 Morte
1046 2136 1137 2160 sacra
1158 2136 1216 2166 per
1240 2135 1376 2158 eremum

916 2174 970 2206 Ad
993 2183 1156 2213 supernam
1183 2173 1307 2206 scandit
1330 2172 1415 2211 Sion,

919 2223 984 2259 (gua
1008 2229 1150 2252 coronam
1177 2224 1301 2260 gestans
1327 2219 1409 2251 vitae

915 2267 995 2307 Regi
1020 2271 1188 2308 conregnat
1210 2267 1337 2307 gloriae.
