1656 2491
783 85 1035 120 -224—

404 181 451 213 In
475 181 506 213 3.
529 180 751 212 Nocturno.

486 253 674 288 Antiphonae.

289 321 320 352 1.
344 320 434 352 Felix
457 320 517 350 iter
539 319 661 359 peragit

384 365 506 405 juvenis
531 364 654 404 Tobias,

347 412 438 450 Cujus
463 411 542 443 viam
569 411 676 450 dirigit

385 466 511 497 magnus
535 457 676 489 Azarias.

287 533 317 564 2.
342 531 422 562 Nam
445 539 533 562 nemo
557 531 693 562 securius

385 578 466 609 viam
493 577 614 607 ducitur

342 623 495 662 Sequente
517 625 656 654 sanctum
679 623 818 662 angelum

387 670 562 700 immersum
585 669 618 700 in
640 669 716 701 Deo.

285 744 313 775 3.
339 742 441 774 Ductu
464 742 632 781 Raphaelis

385 788 422 819 fit
445 790 589 828 cognatus
612 789 725 828 hospes

337 834 565 872 Exsultansque
587 837 678 873 pater

385 881 474 919 pueri
497 878 534 910 fit
556 889 672 919 sospeS.

476 989 675 1023 Responsoria.

289 1065 317 1096 1.
344 1063 420 1094 Sara
442 1064 548 1102 stirpis
572 1063 668 1095 Jacob
692 1067 775 1103 nata,

343 1110 424 1141 Miro
447 1110 537 1141 modo
562 1113 719 1141 reservata

340 1155 509 1194 Multisque
534 1157 743 1187 commaritata

385 1201 503 1232 Mansit
526 1201 555 1231 in
582 1202 757 1240 opprobrio.

278 1247 316 1279 V.
340 1247 469 1278 Azarias
493 1247 629 1284 prudens
653 1247 753 1279 factor

341 1293 395 1324 Fit
417 1293 533 1324 Tobiae
560 1297 741 1331 procurator

386 1339 534 1370 Tractans
562 1339 601 1369 de
624 1339 773 1378 conjugio.

284 1413 314 1442 2.
340 1411 452 1443 Tobias
474 1412 563 1450 juxta
585 1413 663 1451 legis

381 1457 599 1496 procedentem
621 1467 736 1490 morem

339 1503 483 1542 Raguelis
507 1501 602 1534 filiam

383 1549 462 1587 petit
484 1550 516 1580 in
540 1558 676 1591 uxorem,

337 1595 399 1626 sed
427 1595 466 1626 de
488 1595 760 1633 praedecessorum

385 1642 511 1679 expavit
535 1641 603 1671 dira
627 1644 718 1672 sorte.

272 1686 309 1719 V.
334 1687 470 1726 Angelus
493 1688 568 1717 tunc
592 1688 777 1726 consolatur,

336 1732 429 1763 Jecur
452 1732 546 1771 piscis
569 1736 755 1772 reservatur,

382 1778 424 1810 Ut
447 1781 551 1810 servet
573 1788 607 1810 se
629 1789 649 1811 a
672 1783 779 1810 morte.

278 1853 308 1884 3.
333 1852 385 1883 Ad
409 1852 532 1891 nuptias
555 1854 746 1892 proceditur,

333 1898 399 1929 Dos
422 1907 534 1938 magna
556 1900 743 1941 conceditur,

334 1944 513 1976 Thalamum
536 1945 709 1984 ingreditur

378 1990 492 2022 Tobias
518 1999 584 2021 cum
609 2001 714 2023 uxore.

268 2037 305 2069 V.
330 2036 419 2068 Tunc
442 2037 589 2068 insistunt
610 2038 764 2078 precibus,

328 2082 490 2114 Desistunt
512 2083 550 2114 ab
576 2084 778 2124 amplexibus,

379 2130 544 2162 Salvantur
567 2139 586 2161 a
608 2133 736 2162 terrore.

1099 181 1115 212 Ι
1123 188 1145 212 n
1167 179 1195 211 L
1205 189 1251 211 au
1260 180 1326 212 dib
1336 188 1358 210 u
1366 188 1392 211 s,

1146 239 1337 275 Antiphonae.

970 312 976 319 .
1002 287 1139 327 Ingressi
1162 288 1253 326 nupti
1276 288 1445 319 thalamum

1048 344 1082 366 se
1104 336 1186 366 totos
1212 334 1289 366 dant
1312 334 1353 366 ad
1369 333 1545 375 Dominum,

1000 380 1044 413 Ut
1065 380 1211 421 precibus
1236 382 1268 411 et
1289 380 1427 412 lacrimis

1048 425 1172 467 fugetur
1197 427 1399 460 daemonium.

971 509 977 516 .
1002 483 1151 515 Parentes
1175 485 1247 514 sunt
1270 483 1388 522 pavidi,

1045 538 1085 560 ne
1108 537 1205 560 novus
1231 530 1410 570 conjugatus

1000 576 1062 607 Per
1087 576 1264 607 daemonem
1289 579 1325 607 ut
1349 576 1444 606 ceteri

1047 621 1129 653 foret
1156 623 1376 662 strangulatus.

967 701 975 709 .
999 678 1036 709 In
1061 677 1196 709 crastino
1223 680 1410 718 consurgunt

1047 732 1138 762 quam
1159 723 1233 754 laeti
1257 726 1411 763 parentes,

999 769 1087 807 Quod
1110 769 1208 801 filium
1233 778 1300 800 cum
1324 769 1390 801 filia

1048 815 1208 854 reperiunt
1232 815 1380 848 viventes.

967 896 974 902 .
1000 870 1175 902 Decantant
1198 871 1374 911 altithrono,

1045 917 1097 955 qui
1121 915 1263 956 adstant,
1294 925 1398 948 omnes
1422 917 1541 956 laudes,

999 962 1056 1000 Qui
1081 963 1237 993 daemonis
1261 971 1317 1001 per
1341 963 1482 1002 angelum

1043 1008 1211 1047 superabat
1235 1007 1371 1041 fraudeS.

945 1065 973 1093 Γ.
1001 1062 1074 1094 Cum
1104 1065 1244 1094 sanctum
1267 1064 1494 1096 matrimonium

1045 1109 1157 1141 Tobias
1183 1110 1423 1152 consummabat,

999 1154 1134 1186 Devotas
1157 1155 1224 1186 Deo
1244 1157 1360 1195 gratias

1042 1202 1135 1233 Anna
1158 1201 1352 1235 decantabat.

1116 1264 1160 1292 Ad
1178 1265 1358 1293 Benedictus.

965 1336 972 1342 .
997 1311 1165 1350 Raphaelis
1190 1313 1338 1344 solemnia

1042 1366 1146 1389 ornnes
1171 1357 1338 1390 Christiani

997 1403 1071 1434 Cum
1096 1403 1195 1435 Tobia
1219 1405 1386 1443 celebrent,

1042 1452 1077 1479 ut
1101 1450 1231 1488 sospites
1257 1454 1287 1481 et
1311 1451 1377 1483 sani

997 1496 1026 1525 A
1050 1496 1113 1526 suis
1136 1495 1335 1535 languoribus

1043 1541 1103 1572 cito
1127 1541 1299 1573 liberentur

993 1586 1037 1617 Et
1060 1596 1079 1617 a
1102 1587 1191 1618 malis
1216 1588 1356 1619 omnibus

1040 1640 1162 1672 semper
1186 1636 1416 1667 conserventur.

1066 1725 1112 1756 ln
1138 1726 1168 1756 2.
1195 1726 1403 1765 Vesperis.

1112 1783 1157 1810 Ad
1175 1784 1350 1819 Magnificat.

961 1855 967 1862 .
995 1829 1209 1863 Collaudemus
1233 1832 1399 1864 Dominum

1039 1886 1143 1917 regem
1166 1879 1368 1920 saeculorum,

993 1922 1037 1953 Et
1054 1924 1221 1962 jubilemus
1246 1926 1359 1964 spiritu

1039 1970 1152 2008 plausu
1174 1971 1373 2011 laetabundo,

992 2014 1182 2047 Venerantes
1205 2017 1238 2048 in
1263 2026 1375 2057 genere

1041 2062 1165 2094 chorum
1191 2065 1369 2103 angelorum

992 2107 1037 2138 Et
1057 2109 1230 2148 Raphaelis
1252 2111 1285 2141 in
1309 2112 1415 2151 specie

1039 2153 1120 2187 festa
1145 2156 1238 2187 corde
1260 2159 1385 2191 mundo.

341 2212 423 2239 Brev.
443 2212 634 2240 Herfordense
653 2215 720 2249 imp.
731 2214 884 2251 Rotomagi
906 2214 984 2244 1505.
1001 2232 1038 2238 —-
1050 2219 1085 2246 In
1104 2218 1130 2246 2.
1149 2220 1232 2247 Ncet2
1253 2218 1273 2247 R
1296 2220 1319 2255 1,
1343 2221 1357 2249 1
1377 2231 1419 2258 sq.
1438 2224 1537 2252 Prima

269 2248 420 2277 difficultas
439 2251 562 2277 itineris.
575 2264 611 2269 —
626 2249 646 2276 R
667 2249 692 2284 3,
713 2250 730 2277 7
751 2252 820 2285 Quis
839 2253 913 2281 selle.
927 2269 964 2273 ——
976 2255 1011 2282 In
1030 2253 1056 2283 3.
1070 2257 1152 2284 Noct.
1168 2255 1189 2284 Α
1211 2256 1236 2291 2,
1257 2257 1274 2285 2
1295 2260 1417 2295 ergfinze
1431 2263 1485 2288 eo?
1500 2278 1536 2282 —

269 2286 289 2313 R
311 2286 334 2321 1,
355 2284 373 2314 3
393 2295 447 2322 que
465 2287 544 2315 fehlt.
565 2302 602 2306 —
620 2288 654 2315 In
674 2287 700 2315 2.
719 2289 805 2324 Vesp.
825 2289 857 2323 Α,
877 2289 894 2319 3
914 2293 1037 2327 spiritui.
