<?xml version="1.0" encoding="UTF-8"?>
<!DOCTYPE html PUBLIC "-//W3C//DTD XHTML 1.0 Transitional//EN"
    "http://www.w3.org/TR/xhtml1/DTD/xhtml1-transitional.dtd">
<html xmlns="http://www.w3.org/1999/xhtml" xml:lang="en" lang="en">
 <head>
  <title>
</title>
<meta http-equiv="Content-Type" content="text/html;charset=utf-8" />
  <meta name='ocr-system' content='tesseract 3.04.00' />
  <meta name='ocr-capabilities' content='ocr_page ocr_carea ocr_par ocr_line ocrx_word'/>
</head>
<body>
  <div class='ocr_page' id='page_1' title='image "./analectahymnica13drevuoft_00260.png"; bbox 0 0 1674 2492; ppageno 0'>
   <div class='ocr_carea' id='block_1_1' title="bbox 665 75 920 110">
    <p class='ocr_par' dir='ltr' id='par_1_1' title="bbox 665 75 920 110">
     <span class='ocr_line' id='line_1_1' title="bbox 665 75 920 110; baseline 0 0"><span class='ocrx_word' id='word_1_1' title='bbox 665 75 920 110; x_wconf 73' lang='lat'>——257—</span> 
     </span>
    </p>
   </div>
   <div class='ocr_carea' id='block_1_2' title="bbox 286 165 639 267">
    <p class='ocr_par' dir='ltr' id='par_1_2' title="bbox 286 165 639 267">
     <span class='ocr_line' id='line_1_2' title="bbox 286 165 639 201; baseline 0.008 -3"><span class='ocrx_word' id='word_1_2' title='bbox 286 165 331 198; x_wconf 90' lang='lat' dir='ltr'>In</span> <span class='ocrx_word' id='word_1_3' title='bbox 357 166 387 199; x_wconf 84' lang='lat'>1.</span> <span class='ocrx_word' id='word_1_4' title='bbox 414 167 471 199; x_wconf 86' lang='lat' dir='ltr'>No</span> <span class='ocrx_word' id='word_1_5' title='bbox 482 170 639 201; x_wconf 77' lang='lat' dir='ltr'>oturno.</span> 
     </span>
     <span class='ocr_line' id='line_1_3' title="bbox 366 230 558 267; baseline 0.01 -10"><span class='ocrx_word' id='word_1_6' title='bbox 366 230 558 267; x_wconf 81' lang='lat' dir='ltr'>Antiphonae.</span> 
     </span>
    </p>
   </div>
   <div class='ocr_carea' id='block_1_3' title="bbox 163 286 706 654">
    <p class='ocr_par' dir='ltr' id='par_1_3' title="bbox 169 286 662 467">
     <span class='ocr_line' id='line_1_4' title="bbox 169 286 599 321; baseline 0.007 -3"><span class='ocrx_word' id='word_1_7' title='bbox 169 286 199 319; x_wconf 86' lang='lat'>1.</span> <span class='ocrx_word' id='word_1_8' title='bbox 224 286 339 318; x_wconf 81' lang='lat' dir='ltr'>Beatus</span> <span class='ocrx_word' id='word_1_9' title='bbox 364 288 413 319; x_wconf 87' lang='lat' dir='ltr'>vir</span> <span class='ocrx_word' id='word_1_10' title='bbox 437 288 599 321; x_wconf 84' lang='lat' dir='ltr'>Valaricus</span> 
     </span>
     <span class='ocr_line' id='line_1_5' title="bbox 220 333 634 374; baseline 0.01 -10"><span class='ocrx_word' id='word_1_11' title='bbox 220 333 335 365; x_wconf 81' lang='lat' dir='ltr'><strong>Adhuc</strong></span> <span class='ocrx_word' id='word_1_12' title='bbox 358 335 461 365; x_wconf 78' lang='lat' dir='ltr'>aetate</span> <span class='ocrx_word' id='word_1_13' title='bbox 483 337 634 374; x_wconf 81' lang='lat' dir='ltr'>parvulus</span> 
     </span>
     <span class='ocr_line' id='line_1_6' title="bbox 219 379 587 414; baseline 0.005 -3"><span class='ocrx_word' id='word_1_14' title='bbox 219 380 272 411; x_wconf 90' lang='lat' dir='ltr'>Ad</span> <span class='ocrx_word' id='word_1_15' title='bbox 296 379 457 412; x_wconf 86' lang='lat' dir='ltr'>literarum</span> <span class='ocrx_word' id='word_1_16' title='bbox 481 382 587 414; x_wconf 87' lang='lat' dir='ltr'>studia</span> 
     </span>
     <span class='ocr_line' id='line_1_7' title="bbox 222 425 662 467; baseline 0.007 -10"><span class='ocrx_word' id='word_1_17' title='bbox 222 425 388 458; x_wconf 77' lang='lat' dir='ltr'>Sam-arum</span> <span class='ocrx_word' id='word_1_18' title='bbox 413 428 499 459; x_wconf 79' lang='lat' dir='ltr'>vovit</span> <span class='ocrx_word' id='word_1_19' title='bbox 522 431 662 467; x_wconf 79' lang='lat' dir='ltr'>pectora.</span> 
     </span>
    </p>

    <p class='ocr_par' dir='ltr' id='par_1_4' title="bbox 163 482 706 654">
     <span class='ocr_line' id='line_1_8' title="bbox 163 482 640 522; baseline 0.002 -8"><span class='ocrx_word' id='word_1_20' title='bbox 163 484 194 517; x_wconf 86' lang='lat'>2.</span> <span class='ocrx_word' id='word_1_21' title='bbox 219 482 354 514; x_wconf 80' lang='lat' dir='ltr'>Pascens</span> <span class='ocrx_word' id='word_1_22' title='bbox 379 483 478 522; x_wconf 81' lang='lat' dir='ltr'>patris</span> <span class='ocrx_word' id='word_1_23' title='bbox 504 484 640 515; x_wconf 86' lang='lat' dir='ltr'>oviculas</span> 
     </span>
     <span class='ocr_line' id='line_1_9' title="bbox 220 528 706 569; baseline 0.004 -9"><span class='ocrx_word' id='word_1_24' title='bbox 220 529 273 560; x_wconf 86' lang='lat' dir='ltr'>Ad</span> <span class='ocrx_word' id='word_1_25' title='bbox 298 528 420 560; x_wconf 79' lang='lat' dir='ltr'>scholas</span> <span class='ocrx_word' id='word_1_26' title='bbox 443 529 512 561; x_wconf 74' lang='lat' dir='ltr'>ibat</span> <span class='ocrx_word' id='word_1_27' title='bbox 533 538 706 569; x_wconf 84' lang='lat' dir='ltr'>properans</span> 
     </span>
     <span class='ocr_line' id='line_1_10' title="bbox 221 575 591 614; baseline 0.005 -8"><span class='ocrx_word' id='word_1_28' title='bbox 221 575 265 606; x_wconf 83' lang='lat' dir='ltr'>Et</span> <span class='ocrx_word' id='word_1_29' title='bbox 289 577 380 614; x_wconf 83' lang='lat' dir='ltr'>capt-a</span> <span class='ocrx_word' id='word_1_30' title='bbox 403 575 591 608; x_wconf 84' lang='lat' dir='ltr'>lectiuncula</span> 
     </span>
     <span class='ocr_line' id='line_1_11' title="bbox 219 621 627 654; baseline 0.002 -2"><span class='ocrx_word' id='word_1_31' title='bbox 219 621 359 653; x_wconf 77' lang='lat' dir='ltr'>Redibat</span> <span class='ocrx_word' id='word_1_32' title='bbox 380 622 421 653; x_wconf 84' lang='lat' dir='ltr'>ad</span> <span class='ocrx_word' id='word_1_33' title='bbox 447 622 627 654; x_wconf 78' lang='lat' dir='ltr'>custodiam.</span> 
     </span>
    </p>
   </div>
   <div class='ocr_carea' id='block_1_4' title="bbox 163 676 628 717">
    <p class='ocr_par' dir='ltr' id='par_1_5' title="bbox 163 676 628 717">
     <span class='ocr_line' id='line_1_12' title="bbox 163 676 628 717; baseline -0.002 -6"><span class='ocrx_word' id='word_1_34' title='bbox 163 679 194 711; x_wconf 86' lang='lat'>3.</span> <span class='ocrx_word' id='word_1_35' title='bbox 219 676 356 710; x_wconf 85' lang='lat' dir='ltr'>Affiatus</span> <span class='ocrx_word' id='word_1_36' title='bbox 381 680 487 710; x_wconf 79' lang='lat' dir='ltr'>sancto</span> <span class='ocrx_word' id='word_1_37' title='bbox 515 679 628 717; x_wconf 76' lang='lat' dir='ltr'>spiritu</span> 
     </span>
    </p>
   </div>
   <div class='ocr_carea' id='block_1_5' title="bbox 221 724 737 764">
    <p class='ocr_par' dir='ltr' id='par_1_6' title="bbox 221 724 737 764">
     <span class='ocr_line' id='line_1_13' title="bbox 221 724 737 764; baseline 0.006 -9"><span class='ocrx_word' id='word_1_38' title='bbox 221 724 299 756; x_wconf 83' lang='lat' dir='ltr'>Tam</span> <span class='ocrx_word' id='word_1_39' title='bbox 326 732 424 764; x_wconf 84' lang='lat' dir='ltr'>capax</span> <span class='ocrx_word' id='word_1_40' title='bbox 446 724 558 756; x_wconf 79' lang='lat' dir='ltr'>mentis</span> <span class='ocrx_word' id='word_1_41' title='bbox 583 725 737 759; x_wconf 80' lang='lat' dir='ltr'><strong>redditur.</strong></span> 
     </span>
    </p>
   </div>
   <div class='ocr_carea' id='block_1_6' title="bbox 220 769 668 857">
    <p class='ocr_par' dir='ltr' id='par_1_7' title="bbox 220 769 668 857">
     <span class='ocr_line' id='line_1_14' title="bbox 220 769 648 810; baseline 0 -7"><span class='ocrx_word' id='word_1_42' title='bbox 220 771 266 803; x_wconf 84' lang='lat' dir='ltr'>Ut</span> <span class='ocrx_word' id='word_1_43' title='bbox 288 769 373 803; x_wconf 85' lang='lat' dir='ltr'>infra</span> <span class='ocrx_word' id='word_1_44' title='bbox 396 772 491 803; x_wconf 87' lang='lat' dir='ltr'>breve</span> <span class='ocrx_word' id='word_1_45' title='bbox 515 772 648 810; x_wconf 81' lang='lat' dir='ltr'>spatium</span> 
     </span>
     <span class='ocr_line' id='line_1_15' title="bbox 221 817 668 857; baseline 0.002 -9"><span class='ocrx_word' id='word_1_46' title='bbox 221 817 334 848; x_wconf 83' lang='lat' dir='ltr'>Totum</span> <span class='ocrx_word' id='word_1_47' title='bbox 357 818 452 849; x_wconf 86' lang='lat' dir='ltr'>sciret</span> <span class='ocrx_word' id='word_1_48' title='bbox 474 818 668 857; x_wconf 79' lang='lat' dir='ltr'>psalterium.</span> 
     </span>
    </p>
   </div>
   <div class='ocr_carea' id='block_1_7' title="bbox 287 910 637 1008">
    <p class='ocr_par' dir='ltr' id='par_1_8' title="bbox 287 910 637 1008">
     <span class='ocr_line' id='line_1_16' title="bbox 287 910 637 943; baseline 0 -1"><span class='ocrx_word' id='word_1_49' title='bbox 287 911 333 942; x_wconf 81' lang='lat' dir='ltr'>In</span> <span class='ocrx_word' id='word_1_50' title='bbox 358 912 389 943; x_wconf 82' lang='lat'>2.</span> <span class='ocrx_word' id='word_1_51' title='bbox 414 910 469 941; x_wconf 84' lang='lat' dir='ltr'>No</span> <span class='ocrx_word' id='word_1_52' title='bbox 481 911 637 942; x_wconf 83' lang='lat' dir='ltr'>cturno.</span> 
     </span>
     <span class='ocr_line' id='line_1_17' title="bbox 363 974 554 1008; baseline -0.005 -7"><span class='ocrx_word' id='word_1_53' title='bbox 363 974 554 1008; x_wconf 86' lang='lat' dir='ltr'>Antiphonae.</span> 
     </span>
    </p>
   </div>
   <div class='ocr_carea' id='block_1_8' title="bbox 159 1028 707 1302">
    <p class='ocr_par' dir='ltr' id='par_1_9' title="bbox 159 1028 707 1302">
     <span class='ocr_line' id='line_1_18' title="bbox 159 1028 632 1063; baseline -0.006 0"><span class='ocrx_word' id='word_1_54' title='bbox 159 1032 189 1063; x_wconf 88' lang='lat'>1.</span> <span class='ocrx_word' id='word_1_55' title='bbox 214 1029 296 1062; x_wconf 83' lang='lat' dir='ltr'>Nam</span> <span class='ocrx_word' id='word_1_56' title='bbox 320 1028 444 1062; x_wconf 85' lang='lat' dir='ltr'>fervore</span> <span class='ocrx_word' id='word_1_57' title='bbox 468 1031 549 1062; x_wconf 87' lang='lat' dir='ltr'>sacri</span> <span class='ocrx_word' id='word_1_58' title='bbox 573 1030 632 1062; x_wconf 88' lang='lat' dir='ltr'>zeli</span> 
     </span>
     <span class='ocr_line' id='line_1_19' title="bbox 270 1077 667 1116; baseline -0.003 -8"><span class='ocrx_word' id='word_1_59' title='bbox 270 1077 311 1108; x_wconf 85' lang='lat' dir='ltr'>ad</span> <span class='ocrx_word' id='word_1_60' title='bbox 333 1078 432 1116; x_wconf 75' lang='lat' dir='ltr'>maJ&#39;us</span> <span class='ocrx_word' id='word_1_61' title='bbox 457 1078 667 1116; x_wconf 72' lang='lat' dir='ltr'>progreditur,</span> 
     </span>
     <span class='ocr_line' id='line_1_20' title="bbox 223 1123 678 1163; baseline 0 -9"><span class='ocrx_word' id='word_1_62' title='bbox 223 1123 446 1155; x_wconf 79' lang='lat' dir='ltr'>Monaohorum</span> <span class='ocrx_word' id='word_1_63' title='bbox 471 1124 536 1162; x_wconf 78' lang='lat' dir='ltr'>jam</span> <span class='ocrx_word' id='word_1_64' title='bbox 563 1124 678 1163; x_wconf 82' lang='lat' dir='ltr'>delegit</span> 
     </span>
     <span class='ocr_line' id='line_1_21' title="bbox 270 1170 658 1209; baseline 0 -8"><span class='ocrx_word' id='word_1_65' title='bbox 270 1178 389 1201; x_wconf 76' lang='lat' dir='ltr'>sacram</span> <span class='ocrx_word' id='word_1_66' title='bbox 415 1170 510 1202; x_wconf 81' lang='lat' dir='ltr'>vitam</span> <span class='ocrx_word' id='word_1_67' title='bbox 535 1170 658 1209; x_wconf 87' lang='lat' dir='ltr'>ducere,</span> 
     </span>
     <span class='ocr_line' id='line_1_22' title="bbox 221 1216 707 1255; baseline -0.002 -7"><span class='ocrx_word' id='word_1_68' title='bbox 221 1216 316 1248; x_wconf 84' lang='lat' dir='ltr'>Unde</span> <span class='ocrx_word' id='word_1_69' title='bbox 338 1216 493 1255; x_wconf 77' lang='lat' dir='ltr'>quondam</span> <span class='ocrx_word' id='word_1_70' title='bbox 516 1218 707 1248; x_wconf 78' lang='lat' dir='ltr'>nominatum</span> 
     </span>
     <span class='ocr_line' id='line_1_23' title="bbox 268 1263 604 1302; baseline 0.009 -9"><span class='ocrx_word' id='word_1_71' title='bbox 268 1263 391 1302; x_wconf 84' lang='lat' dir='ltr'>appetit</span> <span class='ocrx_word' id='word_1_72' title='bbox 415 1263 604 1296; x_wconf 87' lang='lat' dir='ltr'>coenobium.</span> 
     </span>
    </p>
   </div>
   <div class='ocr_carea' id='block_1_9' title="bbox 166 1318 712 1584">
    <p class='ocr_par' dir='ltr' id='par_1_10' title="bbox 166 1318 712 1584">
     <span class='ocr_line' id='line_1_24' title="bbox 166 1318 631 1357; baseline -0.002 -6"><span class='ocrx_word' id='word_1_73' title='bbox 166 1320 198 1351; x_wconf 87' lang='lat'>2.</span> <span class='ocrx_word' id='word_1_74' title='bbox 224 1318 318 1350; x_wconf 83' lang='lat' dir='ltr'>Pater</span> <span class='ocrx_word' id='word_1_75' title='bbox 343 1319 409 1357; x_wconf 81' lang='lat' dir='ltr'>ejus</span> <span class='ocrx_word' id='word_1_76' title='bbox 432 1319 466 1349; x_wconf 78' lang='lat' dir='ltr'>in</span> <span class='ocrx_word' id='word_1_77' title='bbox 488 1327 631 1350; x_wconf 83' lang='lat' dir='ltr'>moerore</span> 
     </span>
     <span class='ocr_line' id='line_1_25' title="bbox 269 1365 652 1396; baseline 0.003 -1"><span class='ocrx_word' id='word_1_78' title='bbox 269 1368 343 1396; x_wconf 79' lang='lat' dir='ltr'>tunc</span> <span class='ocrx_word' id='word_1_79' title='bbox 368 1373 533 1396; x_wconf 87' lang='lat' dir='ltr'>conversus</span> <span class='ocrx_word' id='word_1_80' title='bbox 558 1365 652 1396; x_wconf 88' lang='lat' dir='ltr'>animi</span> 
     </span>
     <span class='ocr_line' id='line_1_26' title="bbox 225 1411 619 1451; baseline 0.003 -9"><span class='ocrx_word' id='word_1_81' title='bbox 225 1411 397 1450; x_wconf 81' lang='lat' dir='ltr'>Perurgere</span> <span class='ocrx_word' id='word_1_82' title='bbox 422 1413 525 1451; x_wconf 83' lang='lat' dir='ltr'>coepit</span> <span class='ocrx_word' id='word_1_83' title='bbox 549 1420 619 1443; x_wconf 88' lang='lat' dir='ltr'>eum</span> 
     </span>
     <span class='ocr_line' id='line_1_27' title="bbox 271 1458 607 1496; baseline 0.003 -8"><span class='ocrx_word' id='word_1_84' title='bbox 271 1458 345 1490; x_wconf 88' lang='lat' dir='ltr'>totis</span> <span class='ocrx_word' id='word_1_85' title='bbox 368 1458 460 1489; x_wconf 87' lang='lat' dir='ltr'>simul</span> <span class='ocrx_word' id='word_1_86' title='bbox 479 1458 607 1496; x_wconf 86' lang='lat' dir='ltr'>nisibus,</span> 
     </span>
     <span class='ocr_line' id='line_1_28' title="bbox 224 1503 712 1544; baseline 0.002 -9"><span class='ocrx_word' id='word_1_87' title='bbox 224 1503 273 1535; x_wconf 89' lang='lat' dir='ltr'>Ne</span> <span class='ocrx_word' id='word_1_88' title='bbox 296 1507 443 1544; x_wconf 83' lang='lat' dir='ltr'>parantes</span> <span class='ocrx_word' id='word_1_89' title='bbox 467 1505 512 1535; x_wconf 85' lang='lat' dir='ltr'>sic</span> <span class='ocrx_word' id='word_1_90' title='bbox 537 1505 712 1544; x_wconf 85' lang='lat' dir='ltr'>relinquens</span> 
     </span>
     <span class='ocr_line' id='line_1_29' title="bbox 269 1550 558 1584; baseline 0.007 -2"><span class='ocrx_word' id='word_1_91' title='bbox 269 1550 357 1583; x_wconf 86' lang='lat' dir='ltr'>fieret</span> <span class='ocrx_word' id='word_1_92' title='bbox 382 1553 558 1584; x_wconf 65' lang='lat' dir='ltr'>extraneus</span> 
     </span>
    </p>
   </div>
   <div class='ocr_carea' id='block_1_10' title="bbox 164 1606 724 1878">
    <p class='ocr_par' dir='ltr' id='par_1_11' title="bbox 164 1606 724 1878">
     <span class='ocr_line' id='line_1_30' title="bbox 164 1606 724 1646; baseline -0.005 -5"><span class='ocrx_word' id='word_1_93' title='bbox 164 1609 194 1641; x_wconf 79' lang='lat'>3.</span> <span class='ocrx_word' id='word_1_94' title='bbox 222 1607 284 1639; x_wconf 89' lang='lat' dir='ltr'>Sed</span> <span class='ocrx_word' id='word_1_95' title='bbox 308 1615 367 1638; x_wconf 88' lang='lat' dir='ltr'>nec</span> <span class='ocrx_word' id='word_1_96' title='bbox 390 1609 480 1646; x_wconf 81' lang='lat' dir='ltr'>pater</span> <span class='ocrx_word' id='word_1_97' title='bbox 503 1615 603 1646; x_wconf 81' lang='lat' dir='ltr'>neque</span> <span class='ocrx_word' id='word_1_98' title='bbox 627 1606 724 1638; x_wconf 80' lang='lat' dir='ltr'>abbas</span> 
     </span>
     <span class='ocr_line' id='line_1_31' title="bbox 268 1653 622 1693; baseline 0 -9"><span class='ocrx_word' id='word_1_99' title='bbox 268 1662 368 1692; x_wconf 78' lang='lat' dir='ltr'>neque</span> <span class='ocrx_word' id='word_1_100' title='bbox 393 1653 458 1693; x_wconf 88' lang='lat' dir='ltr'>ejus</span> <span class='ocrx_word' id='word_1_101' title='bbox 480 1653 622 1685; x_wconf 86' lang='lat' dir='ltr'>monachi</span> 
     </span>
     <span class='ocr_line' id='line_1_32' title="bbox 221 1699 633 1739; baseline 0 -8"><span class='ocrx_word' id='word_1_102' title='bbox 221 1699 297 1731; x_wconf 79' lang='lat' dir='ltr'>Ulla</span> <span class='ocrx_word' id='word_1_103' title='bbox 320 1708 414 1738; x_wconf 87' lang='lat' dir='ltr'>prece</span> <span class='ocrx_word' id='word_1_104' title='bbox 437 1708 537 1739; x_wconf 86' lang='lat' dir='ltr'>neque</span> <span class='ocrx_word' id='word_1_105' title='bbox 560 1700 633 1731; x_wconf 86' lang='lat' dir='ltr'>ullis</span> 
     </span>
     <span class='ocr_line' id='line_1_33' title="bbox 269 1746 557 1778; baseline 0 -2"><span class='ocrx_word' id='word_1_106' title='bbox 269 1746 557 1778; x_wconf 81' lang='lat' dir='ltr'>comminationibus</span> 
     </span>
     <span class='ocr_line' id='line_1_34' title="bbox 222 1792 569 1832; baseline 0 -10"><span class='ocrx_word' id='word_1_107' title='bbox 222 1792 378 1824; x_wconf 85' lang='lat' dir='ltr'>Amovere</span> <span class='ocrx_word' id='word_1_108' title='bbox 400 1794 569 1832; x_wconf 80' lang='lat' dir='ltr'>potuerunt</span> 
     </span>
     <span class='ocr_line' id='line_1_35' title="bbox 270 1839 562 1878; baseline 0.003 -8"><span class='ocrx_word' id='word_1_109' title='bbox 270 1848 289 1869; x_wconf 85' lang='lat' dir='ltr'>a</span> <span class='ocrx_word' id='word_1_110' title='bbox 312 1847 368 1870; x_wconf 89' lang='lat' dir='ltr'>suo</span> <span class='ocrx_word' id='word_1_111' title='bbox 391 1839 562 1878; x_wconf 87' lang='lat' dir='ltr'>proposito.</span> 
     </span>
    </p>
   </div>
   <div class='ocr_carea' id='block_1_11' title="bbox 344 1913 576 1948">
    <p class='ocr_par' dir='ltr' id='par_1_12' title="bbox 344 1913 576 1948">
     <span class='ocr_line' id='line_1_36' title="bbox 344 1913 576 1948; baseline -0.009 -8"><span class='ocrx_word' id='word_1_112' title='bbox 344 1913 576 1948; x_wconf 76' lang='lat' dir='ltr'>Respousorium.</span> 
     </span>
    </p>
   </div>
   <div class='ocr_carea' id='block_1_12' title="bbox 207 1969 731 2384">
    <p class='ocr_par' dir='ltr' id='par_1_13' title="bbox 221 1969 689 2055">
     <span class='ocr_line' id='line_1_37' title="bbox 221 1969 689 2001; baseline -0.002 -1"><span class='ocrx_word' id='word_1_113' title='bbox 221 1969 283 2001; x_wconf 90' lang='lat' dir='ltr'>Hic</span> <span class='ocrx_word' id='word_1_114' title='bbox 307 1969 356 2001; x_wconf 90' lang='lat' dir='ltr'>vir</span> <span class='ocrx_word' id='word_1_115' title='bbox 380 1972 504 2001; x_wconf 87' lang='lat' dir='ltr'>sanctus</span> <span class='ocrx_word' id='word_1_116' title='bbox 526 1969 689 2000; x_wconf 86' lang='lat' dir='ltr'>Ambianis</span> 
     </span>
     <span class='ocr_line' id='line_1_38' title="bbox 267 2016 570 2055; baseline -0.007 -7"><span class='ocrx_word' id='word_1_117' title='bbox 267 2016 402 2048; x_wconf 71' lang='lat' dir='ltr'>civitatis</span> <span class='ocrx_word' id='word_1_118' title='bbox 425 2016 570 2055; x_wconf 77' lang='lat' dir='ltr'>partibus</span> 
     </span>
    </p>

    <p class='ocr_par' dir='ltr' id='par_1_14' title="bbox 221 2062 731 2150">
     <span class='ocr_line' id='line_1_39' title="bbox 221 2062 730 2102; baseline -0.002 -8"><span class='ocrx_word' id='word_1_119' title='bbox 221 2062 261 2095; x_wconf 87' lang='lat' dir='ltr'>Se</span> <span class='ocrx_word' id='word_1_120' title='bbox 285 2063 440 2102; x_wconf 81' lang='lat' dir='ltr'>tradebat,</span> <span class='ocrx_word' id='word_1_121' title='bbox 467 2062 621 2102; x_wconf 82' lang='lat' dir='ltr'>quendam</span> <span class='ocrx_word' id='word_1_122' title='bbox 645 2070 730 2093; x_wconf 87' lang='lat' dir='ltr'>reum</span> 
     </span>
     <span class='ocr_line' id='line_1_40' title="bbox 267 2109 731 2150; baseline -0.004 -9"><span class='ocrx_word' id='word_1_123' title='bbox 267 2119 335 2142; x_wconf 89' lang='lat' dir='ltr'>cum</span> <span class='ocrx_word' id='word_1_124' title='bbox 360 2117 543 2150; x_wconf 86' lang='lat' dir='ltr'>suspensum</span> <span class='ocrx_word' id='word_1_125' title='bbox 568 2109 731 2148; x_wconf 75' lang='lat' dir='ltr'>prospicit,</span> 
     </span>
    </p>

    <p class='ocr_par' dir='ltr' id='par_1_15' title="bbox 219 2156 633 2242">
     <span class='ocr_line' id='line_1_41' title="bbox 219 2156 600 2196; baseline -0.008 -7"><span class='ocrx_word' id='word_1_126' title='bbox 219 2156 291 2189; x_wconf 89' lang='lat' dir='ltr'>Huc</span> <span class='ocrx_word' id='word_1_127' title='bbox 315 2157 450 2189; x_wconf 83' lang='lat' dir='ltr'>cucurrit</span> <span class='ocrx_word' id='word_1_128' title='bbox 473 2156 600 2196; x_wconf 88' lang='lat' dir='ltr'>pietatis</span> 
     </span>
     <span class='ocr_line' id='line_1_42' title="bbox 267 2203 633 2242; baseline -0.003 -7"><span class='ocrx_word' id='word_1_129' title='bbox 267 2205 424 2236; x_wconf 83' lang='lat' dir='ltr'>commotis</span> <span class='ocrx_word' id='word_1_130' title='bbox 452 2203 633 2242; x_wconf 85' lang='lat' dir='ltr'>visceribus,</span> 
     </span>
    </p>

    <p class='ocr_par' dir='ltr' id='par_1_16' title="bbox 220 2250 658 2338">
     <span class='ocr_line' id='line_1_43' title="bbox 220 2250 658 2292; baseline -0.007 -9"><span class='ocrx_word' id='word_1_131' title='bbox 220 2251 423 2292; x_wconf 72' lang='lat' dir='ltr'>probaturus,</span> <span class='ocrx_word' id='word_1_132' title='bbox 449 2250 533 2290; x_wconf 80' lang='lat' dir='ltr'>apud</span> <span class='ocrx_word' id='word_1_133' title='bbox 557 2251 658 2283; x_wconf 90' lang='lat' dir='ltr'>Deum</span> 
     </span>
     <span class='ocr_line' id='line_1_44' title="bbox 266 2298 596 2338; baseline -0.003 -9"><span class='ocrx_word' id='word_1_134' title='bbox 266 2300 352 2338; x_wconf 87' lang='lat' dir='ltr'>cujus</span> <span class='ocrx_word' id='word_1_135' title='bbox 378 2300 460 2330; x_wconf 81' lang='lat' dir='ltr'>esset</span> <span class='ocrx_word' id='word_1_136' title='bbox 483 2298 596 2332; x_wconf 83' lang='lat' dir='ltr'>meriti,</span> 
     </span>
    </p>

    <p class='ocr_par' dir='ltr' id='par_1_17' title="bbox 207 2355 689 2384">
     <span class='ocr_line' id='line_1_45' title="bbox 207 2355 689 2384; baseline -0.004 -4"><span class='ocrx_word' id='word_1_137' title='bbox 207 2358 329 2382; x_wconf 82' lang='lat' dir='ltr'>Dreves.</span> <span class='ocrx_word' id='word_1_138' title='bbox 345 2356 465 2379; x_wconf 74' lang='lat' dir='ltr'>Historiae</span> <span class='ocrx_word' id='word_1_139' title='bbox 478 2356 629 2384; x_wconf 73' lang='lat' dir='ltr'>rhythmicae,</span> <span class='ocrx_word' id='word_1_140' title='bbox 658 2355 689 2378; x_wconf 92' lang='lat'>11.</span> 
     </span>
    </p>
   </div>
   <div class='ocr_carea' id='block_1_13' title="bbox 826 171 863 203">
    <p class='ocr_par' dir='ltr' id='par_1_18' title="bbox 826 171 863 203">
     <span class='ocr_line' id='line_1_46' title="bbox 826 171 863 203; baseline 0.027 -1"><span class='ocrx_word' id='word_1_141' title='bbox 826 171 863 203; x_wconf 92' lang='lat' dir='ltr'>V.</span> 
     </span>
    </p>
   </div>
   <div class='ocr_carea' id='block_1_14' title="bbox 823 2155 860 2188">
    <p class='ocr_par' dir='ltr' id='par_1_19' title="bbox 823 2155 860 2188">
     <span class='ocr_line' id='line_1_47' title="bbox 823 2155 860 2188; baseline 0.027 -1"><span class='ocrx_word' id='word_1_142' title='bbox 823 2155 860 2188; x_wconf 93' lang='lat' dir='ltr'>V.</span> 
     </span>
    </p>
   </div>
   <div class='ocr_carea' id='block_1_15' title="bbox 889 167 1340 341">
    <p class='ocr_par' dir='ltr' id='par_1_20' title="bbox 889 167 1340 257">
     <span class='ocr_line' id='line_1_48' title="bbox 889 167 1340 207; baseline -0.007 -5"><span class='ocrx_word' id='word_1_143' title='bbox 889 169 934 202; x_wconf 85' lang='lat' dir='ltr'>Ut</span> <span class='ocrx_word' id='word_1_144' title='bbox 958 169 1091 202; x_wconf 81' lang='lat' dir='ltr'>cadaver</span> <span class='ocrx_word' id='word_1_145' title='bbox 1111 169 1176 207; x_wconf 81' lang='lat' dir='ltr'>J&#39;am</span> <span class='ocrx_word' id='word_1_146' title='bbox 1202 167 1340 200; x_wconf 83' lang='lat' dir='ltr'>defuncti</span> 
     </span>
     <span class='ocr_line' id='line_1_49' title="bbox 937 216 1306 257; baseline -0.005 -9"><span class='ocrx_word' id='word_1_147' title='bbox 937 217 990 248; x_wconf 84' lang='lat' dir='ltr'>Ad</span> <span class='ocrx_word' id='word_1_148' title='bbox 1012 218 1129 247; x_wconf 82' lang='lat' dir='ltr'>terram</span> <span class='ocrx_word' id='word_1_149' title='bbox 1154 216 1306 257; x_wconf 75' lang='lat' dir='ltr'>deposuit,</span> 
     </span>
    </p>

    <p class='ocr_par' dir='ltr' id='par_1_21' title="bbox 892 261 1320 341">
     <span class='ocr_line' id='line_1_50' title="bbox 892 261 1320 302; baseline -0.002 -9"><span class='ocrx_word' id='word_1_150' title='bbox 892 261 932 294; x_wconf 85' lang='lat' dir='ltr'>Se</span> <span class='ocrx_word' id='word_1_151' title='bbox 955 264 1111 302; x_wconf 84' lang='lat' dir='ltr'>prostrato</span> <span class='ocrx_word' id='word_1_152' title='bbox 1135 269 1229 302; x_wconf 86' lang='lat' dir='ltr'>super</span> <span class='ocrx_word' id='word_1_153' title='bbox 1253 270 1320 293; x_wconf 85' lang='lat' dir='ltr'>eum</span> 
     </span>
     <span class='ocr_line' id='line_1_51' title="bbox 935 308 1319 341; baseline -0.005 0"><span class='ocrx_word' id='word_1_154' title='bbox 935 318 1008 341; x_wconf 79' lang='lat' dir='ltr'>mox</span> <span class='ocrx_word' id='word_1_155' title='bbox 1031 309 1073 340; x_wconf 82' lang='lat' dir='ltr'>ad</span> <span class='ocrx_word' id='word_1_156' title='bbox 1095 309 1191 340; x_wconf 76' lang='lat' dir='ltr'>vitam</span> <span class='ocrx_word' id='word_1_157' title='bbox 1214 308 1319 340; x_wconf 82' lang='lat' dir='ltr'>rediit.</span> 
     </span>
    </p>
   </div>
   <div class='ocr_carea' id='block_1_16' title="bbox 951 429 1304 462">
    <p class='ocr_par' dir='ltr' id='par_1_22' title="bbox 951 429 1304 462">
     <span class='ocr_line' id='line_1_52' title="bbox 951 429 1304 462; baseline 0.003 -1"><span class='ocrx_word' id='word_1_158' title='bbox 951 430 998 461; x_wconf 85' lang='grc'>111</span> <span class='ocrx_word' id='word_1_159' title='bbox 1023 431 1054 462; x_wconf 87' lang='lat'>3.</span> <span class='ocrx_word' id='word_1_160' title='bbox 1080 429 1304 462; x_wconf 75' lang='lat' dir='ltr'>Nocturno.</span> 
     </span>
    </p>
   </div>
   <div class='ocr_carea' id='block_1_17' title="bbox 1031 502 1223 539">
    <p class='ocr_par' dir='ltr' id='par_1_23' title="bbox 1031 502 1223 539">
     <span class='ocr_line' id='line_1_53' title="bbox 1031 502 1223 539; baseline -0.01 -9"><span class='ocrx_word' id='word_1_161' title='bbox 1031 502 1223 539; x_wconf 81' lang='lat' dir='ltr'>Antiphonae.</span> 
     </span>
    </p>
   </div>
   <div class='ocr_carea' id='block_1_18' title="bbox 856 558 1397 603">
    <p class='ocr_par' dir='ltr' id='par_1_24' title="bbox 856 558 1397 603">
     <span class='ocr_line' id='line_1_54' title="bbox 856 558 1397 603; baseline -0.002 -12"><span class='ocrx_word' id='word_1_162' title='bbox 856 584 864 591; x_wconf 97' lang='lat'><strong>.</strong></span> <span class='ocrx_word' id='word_1_163' title='bbox 889 558 993 591; x_wconf 83' lang='lat' dir='ltr'>Ferox</span> <span class='ocrx_word' id='word_1_164' title='bbox 1014 559 1112 598; x_wconf 81' lang='lat' dir='ltr'>judex</span> <span class='ocrx_word' id='word_1_165' title='bbox 1135 560 1195 592; x_wconf 89' lang='lat' dir='ltr'>hoc</span> <span class='ocrx_word' id='word_1_166' title='bbox 1220 559 1397 603; x_wconf 82' lang='lat' dir='ltr'>dedignans,</span> 
     </span>
    </p>
   </div>
   <div class='ocr_carea' id='block_1_19' title="bbox 889 606 1303 738">
    <p class='ocr_par' dir='ltr' id='par_1_25' title="bbox 889 606 1303 738">
     <span class='ocr_line' id='line_1_55' title="bbox 935 606 1303 645; baseline 0 -8"><span class='ocrx_word' id='word_1_167' title='bbox 935 606 1017 645; x_wconf 83' lang='lat' dir='ltr'>quod</span> <span class='ocrx_word' id='word_1_168' title='bbox 1042 614 1112 637; x_wconf 78' lang='lat' dir='ltr'>reus</span> <span class='ocrx_word' id='word_1_169' title='bbox 1136 607 1303 645; x_wconf 84' lang='lat' dir='ltr'>revixerat,</span> 
     </span>
     <span class='ocr_line' id='line_1_56' title="bbox 889 652 1285 692; baseline -0.003 -8"><span class='ocrx_word' id='word_1_170' title='bbox 889 652 1007 684; x_wconf 83' lang='lat' dir='ltr'>Rursus</span> <span class='ocrx_word' id='word_1_171' title='bbox 1032 661 1099 683; x_wconf 88' lang='lat' dir='ltr'>eum</span> <span class='ocrx_word' id='word_1_172' title='bbox 1125 652 1285 692; x_wconf 85' lang='lat' dir='ltr'>deputavit</span> 
     </span>
     <span class='ocr_line' id='line_1_57' title="bbox 938 698 1274 738; baseline 0.006 -8"><span class='ocrx_word' id='word_1_173' title='bbox 938 699 1007 730; x_wconf 90' lang='lat' dir='ltr'>duci</span> <span class='ocrx_word' id='word_1_174' title='bbox 1031 700 1072 730; x_wconf 81' lang='lat' dir='ltr'>ad</span> <span class='ocrx_word' id='word_1_175' title='bbox 1096 698 1274 738; x_wconf 81' lang='lat' dir='ltr'>suspendia.</span> 
     </span>
    </p>
   </div>
   <div class='ocr_carea' id='block_1_20' title="bbox 888 754 1370 1016">
    <p class='ocr_par' dir='ltr' id='par_1_26' title="bbox 888 754 1370 1016">
     <span class='ocr_line' id='line_1_58' title="bbox 889 754 1271 786; baseline -0.003 0"><span class='ocrx_word' id='word_1_176' title='bbox 889 754 1002 786; x_wconf 86' lang='lat' dir='ltr'>Servus</span> <span class='ocrx_word' id='word_1_177' title='bbox 1026 754 1087 785; x_wconf 86' lang='lat' dir='ltr'>Dei</span> <span class='ocrx_word' id='word_1_178' title='bbox 1111 754 1271 785; x_wconf 83' lang='lat' dir='ltr'>Valaricus</span> 
     </span>
     <span class='ocr_line' id='line_1_59' title="bbox 933 800 1370 840; baseline 0.002 -9"><span class='ocrx_word' id='word_1_179' title='bbox 933 802 1006 831; x_wconf 88' lang='lat' dir='ltr'>tunc</span> <span class='ocrx_word' id='word_1_180' title='bbox 1030 800 1128 840; x_wconf 84' lang='lat' dir='ltr'>inquit</span> <span class='ocrx_word' id='word_1_181' title='bbox 1153 801 1193 832; x_wconf 81' lang='lat' dir='ltr'>ad</span> <span class='ocrx_word' id='word_1_182' title='bbox 1214 800 1370 838; x_wconf 86' lang='lat' dir='ltr'>judicem:</span> 
     </span>
     <span class='ocr_line' id='line_1_60' title="bbox 888 846 1368 885; baseline 0 -8"><span class='ocrx_word' id='word_1_183' title='bbox 888 847 983 885; x_wconf 84' lang='lat' dir='ltr'>Audi,</span> <span class='ocrx_word' id='word_1_184' title='bbox 1005 846 1110 885; x_wconf 80' lang='lat' dir='ltr'>judex,</span> <span class='ocrx_word' id='word_1_185' title='bbox 1136 849 1169 877; x_wconf 86' lang='lat' dir='ltr'>te</span> <span class='ocrx_word' id='word_1_186' title='bbox 1192 855 1254 877; x_wconf 87' lang='lat' dir='ltr'>non</span> <span class='ocrx_word' id='word_1_187' title='bbox 1279 847 1368 878; x_wconf 82' lang='lat' dir='ltr'>decet</span> 
     </span>
     <span class='ocr_line' id='line_1_61' title="bbox 934 892 1296 934; baseline 0 -11"><span class='ocrx_word' id='word_1_188' title='bbox 934 893 1017 924; x_wconf 83' lang='lat' dir='ltr'>ultra</span> <span class='ocrx_word' id='word_1_189' title='bbox 1039 892 1132 923; x_wconf 90' lang='lat' dir='ltr'>istum</span> <span class='ocrx_word' id='word_1_190' title='bbox 1154 893 1296 934; x_wconf 85' lang='lat' dir='ltr'>perdere,</span> 
     </span>
     <span class='ocr_line' id='line_1_62' title="bbox 888 938 1311 978; baseline 0.005 -9"><span class='ocrx_word' id='word_1_191' title='bbox 888 940 984 978; x_wconf 77' lang='lat' dir='ltr'>Quem</span> <span class='ocrx_word' id='word_1_192' title='bbox 1007 938 1092 970; x_wconf 89' lang='lat' dir='ltr'>Deus</span> <span class='ocrx_word' id='word_1_193' title='bbox 1114 938 1311 971; x_wconf 86' lang='lat' dir='ltr'>resuscitavit</span> 
     </span>
     <span class='ocr_line' id='line_1_63' title="bbox 936 992 1264 1016; baseline 0 -1"><span class='ocrx_word' id='word_1_194' title='bbox 936 994 991 1016; x_wconf 91' lang='lat' dir='ltr'>suo</span> <span class='ocrx_word' id='word_1_195' title='bbox 1016 993 1104 1016; x_wconf 86' lang='lat' dir='ltr'>sacro</span> <span class='ocrx_word' id='word_1_196' title='bbox 1128 992 1264 1016; x_wconf 85' lang='lat' dir='ltr'>munere.</span> 
     </span>
    </p>
   </div>
   <div class='ocr_carea' id='block_1_21' title="bbox 888 1040 1370 1219">
    <p class='ocr_par' dir='ltr' id='par_1_27' title="bbox 888 1040 1370 1118">
     <span class='ocr_line' id='line_1_64' title="bbox 888 1040 1370 1079; baseline -0.002 -7"><span class='ocrx_word' id='word_1_197' title='bbox 888 1041 958 1072; x_wconf 81' lang='lat' dir='ltr'>Jam</span> <span class='ocrx_word' id='word_1_198' title='bbox 982 1042 1132 1079; x_wconf 81' lang='lat' dir='ltr'>tyrannus</span> <span class='ocrx_word' id='word_1_199' title='bbox 1157 1040 1205 1071; x_wconf 89' lang='lat' dir='ltr'>his</span> <span class='ocrx_word' id='word_1_200' title='bbox 1231 1040 1370 1072; x_wconf 90' lang='lat' dir='ltr'>devictus</span> 
     </span>
     <span class='ocr_line' id='line_1_65' title="bbox 935 1087 1220 1118; baseline -0.004 0"><span class='ocrx_word' id='word_1_201' title='bbox 935 1096 954 1118; x_wconf 82' lang='lat' dir='ltr'>a</span> <span class='ocrx_word' id='word_1_202' title='bbox 978 1087 1097 1118; x_wconf 89' lang='lat' dir='ltr'>crudeli</span> <span class='ocrx_word' id='word_1_203' title='bbox 1119 1087 1220 1118; x_wconf 87' lang='lat' dir='ltr'>animo</span> 
     </span>
    </p>

    <p class='ocr_par' dir='ltr' id='par_1_28' title="bbox 891 1132 1348 1219">
     <span class='ocr_line' id='line_1_66' title="bbox 891 1132 1282 1167; baseline -0.005 -1"><span class='ocrx_word' id='word_1_204' title='bbox 891 1134 1085 1167; x_wconf 76' lang='lat' dir='ltr'>condonavit</span> <span class='ocrx_word' id='word_1_205' title='bbox 1108 1141 1197 1165; x_wconf 89' lang='lat' dir='ltr'>servo</span> <span class='ocrx_word' id='word_1_206' title='bbox 1221 1132 1282 1164; x_wconf 88' lang='lat' dir='ltr'>Dei</span> 
     </span>
     <span class='ocr_line' id='line_1_67' title="bbox 934 1179 1348 1219; baseline 0.002 -8"><span class='ocrx_word' id='word_1_207' title='bbox 934 1188 1032 1218; x_wconf 87' lang='lat' dir='ltr'>suum,</span> <span class='ocrx_word' id='word_1_208' title='bbox 1058 1188 1148 1219; x_wconf 85' lang='lat' dir='ltr'>quem</span> <span class='ocrx_word' id='word_1_209' title='bbox 1170 1179 1348 1212; x_wconf 82' lang='lat' dir='ltr'>redimerat.</span> 
     </span>
    </p>
   </div>
   <div class='ocr_carea' id='block_1_22' title="bbox 1028 1253 1229 1288">
    <p class='ocr_par' dir='ltr' id='par_1_29' title="bbox 1028 1253 1229 1288">
     <span class='ocr_line' id='line_1_68' title="bbox 1028 1253 1229 1288; baseline -0.005 -8"><span class='ocrx_word' id='word_1_210' title='bbox 1028 1253 1229 1288; x_wconf 83' lang='lat' dir='ltr'>Responsoria.</span> 
     </span>
    </p>
   </div>
   <div class='ocr_carea' id='block_1_23' title="bbox 857 1310 1320 1348">
    <p class='ocr_par' dir='ltr' id='par_1_30' title="bbox 857 1310 1320 1348">
     <span class='ocr_line' id='line_1_69' title="bbox 857 1310 1320 1348; baseline -0.004 -6"><span class='ocrx_word' id='word_1_211' title='bbox 857 1336 864 1342; x_wconf 85' lang='lat'><strong>.</strong></span> <span class='ocrx_word' id='word_1_212' title='bbox 890 1311 992 1348; x_wconf 82' lang='lat' dir='ltr'>Aeger</span> <span class='ocrx_word' id='word_1_213' title='bbox 1012 1310 1139 1348; x_wconf 82' lang='lat' dir='ltr'>quidam</span> <span class='ocrx_word' id='word_1_214' title='bbox 1164 1310 1320 1341; x_wconf 82' lang='lat' dir='ltr'>dissolutis</span> 
     </span>
    </p>
   </div>
   <div class='ocr_carea' id='block_1_24' title="bbox 885 1355 1370 1766">
    <p class='ocr_par' dir='ltr' id='par_1_31' title="bbox 885 1355 1370 1766">
     <span class='ocr_line' id='line_1_70' title="bbox 939 1355 1370 1395; baseline 0 -9"><span class='ocrx_word' id='word_1_215' title='bbox 939 1355 1147 1387; x_wconf 83' lang='lat' dir='ltr'>membrorum</span> <span class='ocrx_word' id='word_1_216' title='bbox 1173 1355 1370 1395; x_wconf 87' lang='lat' dir='ltr'>compagibus</span> 
     </span>
     <span class='ocr_line' id='line_1_71' title="bbox 888 1401 1254 1434; baseline 0 -1"><span class='ocrx_word' id='word_1_217' title='bbox 888 1402 1001 1434; x_wconf 80' lang='lat' dir='ltr'>Sancto</span> <span class='ocrx_word' id='word_1_218' title='bbox 1026 1401 1086 1433; x_wconf 87' lang='lat' dir='ltr'>Dei</span> <span class='ocrx_word' id='word_1_219' title='bbox 1110 1401 1254 1433; x_wconf 85' lang='lat' dir='ltr'>Valarico</span> 
     </span>
     <span class='ocr_line' id='line_1_72' title="bbox 937 1448 1257 1489; baseline -0.003 -9"><span class='ocrx_word' id='word_1_220' title='bbox 937 1449 1059 1480; x_wconf 84' lang='lat' dir='ltr'>delatus</span> <span class='ocrx_word' id='word_1_221' title='bbox 1082 1448 1257 1489; x_wconf 82' lang='lat' dir='ltr'>adducitur,</span> 
     </span>
     <span class='ocr_line' id='line_1_73' title="bbox 890 1494 1266 1534; baseline -0.003 -8"><span class='ocrx_word' id='word_1_222' title='bbox 890 1495 948 1534; x_wconf 77' lang='lat' dir='ltr'>Qui</span> <span class='ocrx_word' id='word_1_223' title='bbox 972 1504 992 1526; x_wconf 85' lang='lat' dir='ltr'>a</span> <span class='ocrx_word' id='word_1_224' title='bbox 1016 1497 1099 1526; x_wconf 88' lang='lat' dir='ltr'>tactu</span> <span class='ocrx_word' id='word_1_225' title='bbox 1122 1495 1182 1526; x_wconf 88' lang='lat' dir='ltr'>viri</span> <span class='ocrx_word' id='word_1_226' title='bbox 1206 1494 1266 1526; x_wconf 89' lang='lat' dir='ltr'>Dei</span> 
     </span>
     <span class='ocr_line' id='line_1_74' title="bbox 937 1542 1266 1573; baseline 0.003 -1"><span class='ocrx_word' id='word_1_227' title='bbox 937 1542 1115 1573; x_wconf 65' lang='lat' dir='ltr'>adsurrexit</span> <span class='ocrx_word' id='word_1_228' title='bbox 1134 1542 1266 1573; x_wconf 85' lang='lat' dir='ltr'>validus.</span> 
     </span>
     <span class='ocr_line' id='line_1_75' title="bbox 885 1588 1285 1620; baseline -0.003 -1"><span class='ocrx_word' id='word_1_229' title='bbox 885 1589 982 1620; x_wconf 82' lang='lat' dir='ltr'>Totus</span> <span class='ocrx_word' id='word_1_230' title='bbox 1006 1589 1037 1619; x_wconf 92' lang='lat' dir='ltr'>in</span> <span class='ocrx_word' id='word_1_231' title='bbox 1063 1597 1096 1619; x_wconf 85' lang='lat' dir='ltr'>se</span> <span class='ocrx_word' id='word_1_232' title='bbox 1121 1588 1285 1619; x_wconf 85' lang='lat' dir='ltr'>videbatur</span> 
     </span>
     <span class='ocr_line' id='line_1_76' title="bbox 936 1634 1217 1673; baseline -0.004 -8"><span class='ocrx_word' id='word_1_233' title='bbox 936 1635 981 1665; x_wconf 80' lang='lat' dir='ltr'>ita</span> <span class='ocrx_word' id='word_1_234' title='bbox 1002 1643 1070 1666; x_wconf 88' lang='lat' dir='ltr'>esse</span> <span class='ocrx_word' id='word_1_235' title='bbox 1095 1634 1217 1673; x_wconf 81' lang='lat' dir='ltr'>debilis,</span> 
     </span>
     <span class='ocr_line' id='line_1_77' title="bbox 891 1680 1317 1720; baseline -0.005 -8"><span class='ocrx_word' id='word_1_236' title='bbox 891 1682 978 1720; x_wconf 75' lang='lat' dir='ltr'>Quod</span> <span class='ocrx_word' id='word_1_237' title='bbox 1004 1691 1023 1712; x_wconf 81' lang='lat' dir='ltr'>a</span> <span class='ocrx_word' id='word_1_238' title='bbox 1045 1682 1132 1712; x_wconf 66' lang='lat' dir='ltr'>nulla</span> <span class='ocrx_word' id='word_1_239' title='bbox 1155 1683 1246 1719; x_wconf 80' lang='lat' dir='ltr'>parte</span> <span class='ocrx_word' id='word_1_240' title='bbox 1269 1680 1317 1710; x_wconf 89' lang='lat' dir='ltr'>sui</span> 
     </span>
     <span class='ocr_line' id='line_1_78' title="bbox 937 1727 1309 1766; baseline -0.005 -8"><span class='ocrx_word' id='word_1_241' title='bbox 937 1736 971 1758; x_wconf 88' lang='lat' dir='ltr'>se</span> <span class='ocrx_word' id='word_1_242' title='bbox 993 1728 1139 1759; x_wconf 81' lang='lat' dir='ltr'>movebat</span> <span class='ocrx_word' id='word_1_243' title='bbox 1161 1727 1309 1766; x_wconf 83' lang='lat' dir='ltr'>corporis.</span> 
     </span>
    </p>
   </div>
   <div class='ocr_carea' id='block_1_25' title="bbox 856 1781 1364 1821">
    <p class='ocr_par' dir='ltr' id='par_1_32' title="bbox 856 1781 1364 1821">
     <span class='ocr_line' id='line_1_79' title="bbox 856 1781 1364 1821; baseline 0 -8"><span class='ocrx_word' id='word_1_244' title='bbox 856 1807 863 1813; x_wconf 92' lang='lat'><strong>.</strong></span> <span class='ocrx_word' id='word_1_245' title='bbox 889 1783 981 1815; x_wconf 84' lang='lat' dir='ltr'>Alter</span> <span class='ocrx_word' id='word_1_246' title='bbox 1005 1792 1112 1814; x_wconf 81' lang='lat' dir='ltr'>rursus</span> <span class='ocrx_word' id='word_1_247' title='bbox 1134 1783 1199 1821; x_wconf 85' lang='lat' dir='ltr'>jam</span> <span class='ocrx_word' id='word_1_248' title='bbox 1225 1781 1364 1813; x_wconf 84' lang='lat' dir='ltr'>defertur</span> 
     </span>
    </p>
   </div>
   <div class='ocr_carea' id='block_1_26' title="bbox 886 1829 1431 2379">
    <p class='ocr_par' dir='ltr' id='par_1_33' title="bbox 886 1829 1431 2379">
     <span class='ocr_line' id='line_1_80' title="bbox 938 1829 1285 1869; baseline 0.003 -10"><span class='ocrx_word' id='word_1_249' title='bbox 938 1833 1046 1869; x_wconf 79' lang='lat' dir='ltr'>captus</span> <span class='ocrx_word' id='word_1_250' title='bbox 1070 1838 1089 1860; x_wconf 89' lang='lat' dir='ltr'>a</span> <span class='ocrx_word' id='word_1_251' title='bbox 1114 1829 1285 1868; x_wconf 84' lang='lat' dir='ltr'>daemonio,</span> 
     </span>
     <span class='ocr_line' id='line_1_81' title="bbox 890 1874 1258 1915; baseline 0 -9"><span class='ocrx_word' id='word_1_252' title='bbox 890 1876 947 1914; x_wconf 76' lang='lat' dir='ltr'>Qui</span> <span class='ocrx_word' id='word_1_253' title='bbox 972 1884 1029 1915; x_wconf 85' lang='lat' dir='ltr'>pro</span> <span class='ocrx_word' id='word_1_254' title='bbox 1054 1885 1110 1907; x_wconf 84' lang='lat' dir='ltr'>sua</span> <span class='ocrx_word' id='word_1_255' title='bbox 1133 1874 1258 1907; x_wconf 83' lang='lat' dir='ltr'>feritate</span> 
     </span>
     <span class='ocr_line' id='line_1_82' title="bbox 936 1923 1237 1963; baseline 0.003 -10"><span class='ocrx_word' id='word_1_256' title='bbox 936 1927 1023 1953; x_wconf 80' lang='lat' dir='ltr'>sutus</span> <span class='ocrx_word' id='word_1_257' title='bbox 1050 1926 1119 1953; x_wconf 82' lang='lat' dir='ltr'>erat</span> <span class='ocrx_word' id='word_1_258' title='bbox 1142 1923 1237 1963; x_wconf 86' lang='lat' dir='ltr'>corio,</span> 
     </span>
     <span class='ocr_line' id='line_1_83' title="bbox 890 1967 1431 2010; baseline 0.002 -10"><span class='ocrx_word' id='word_1_259' title='bbox 890 1968 951 2000; x_wconf 82' lang='lat' dir='ltr'>Sed</span> <span class='ocrx_word' id='word_1_260' title='bbox 979 1969 1050 2003; x_wconf 85' lang='lat' dir='ltr'>dum</span> <span class='ocrx_word' id='word_1_261' title='bbox 1067 1972 1192 2000; x_wconf 80' lang='lat' dir='ltr'>sanctus</span> <span class='ocrx_word' id='word_1_262' title='bbox 1213 1967 1296 2001; x_wconf 86' lang='lat' dir='ltr'>fudit</span> <span class='ocrx_word' id='word_1_263' title='bbox 1310 1978 1431 2010; x_wconf 84' lang='lat' dir='ltr'>preces,</span> 
     </span>
     <span class='ocr_line' id='line_1_84' title="bbox 936 2017 1317 2055; baseline 0.005 -9"><span class='ocrx_word' id='word_1_264' title='bbox 936 2018 1136 2055; x_wconf 85' lang='lat' dir='ltr'>compunctus</span> <span class='ocrx_word' id='word_1_265' title='bbox 1159 2017 1192 2047; x_wconf 85' lang='lat' dir='ltr'>in</span> <span class='ocrx_word' id='word_1_266' title='bbox 1216 2017 1317 2048; x_wconf 75' lang='lat' dir='ltr'>animo</span> 
     </span>
     <span class='ocr_line' id='line_1_85' title="bbox 891 2062 1213 2101; baseline 0 -7"><span class='ocrx_word' id='word_1_267' title='bbox 891 2062 1071 2101; x_wconf 77' lang='lat' dir='ltr'>captivatus</span> <span class='ocrx_word' id='word_1_268' title='bbox 1094 2063 1213 2094; x_wconf 85' lang='lat' dir='ltr'>inimici</span> 
     </span>
     <span class='ocr_line' id='line_1_86' title="bbox 935 2109 1204 2143; baseline 0.011 -4"><span class='ocrx_word' id='word_1_269' title='bbox 935 2109 1035 2140; x_wconf 82' lang='lat' dir='ltr'>caruit</span> <span class='ocrx_word' id='word_1_270' title='bbox 1060 2109 1204 2143; x_wconf 88' lang='lat' dir='ltr'>dominio.</span> 
     </span>
     <span class='ocr_line' id='line_1_87' title="bbox 886 2155 1327 2195; baseline 0.005 -8"><span class='ocrx_word' id='word_1_271' title='bbox 886 2156 980 2187; x_wconf 86' lang='lat' dir='ltr'>Adsit</span> <span class='ocrx_word' id='word_1_272' title='bbox 1004 2155 1093 2188; x_wconf 89' lang='lat' dir='ltr'>nobis</span> <span class='ocrx_word' id='word_1_273' title='bbox 1117 2158 1201 2195; x_wconf 82' lang='lat' dir='ltr'>apud</span> <span class='ocrx_word' id='word_1_274' title='bbox 1228 2156 1327 2189; x_wconf 84' lang='lat' dir='ltr'>Deum</span> 
     </span>
     <span class='ocr_line' id='line_1_88' title="bbox 933 2202 1219 2243; baseline 0.007 -10"><span class='ocrx_word' id='word_1_275' title='bbox 933 2202 985 2234; x_wconf 85' lang='lat' dir='ltr'>hie</span> <span class='ocrx_word' id='word_1_276' title='bbox 1008 2203 1041 2235; x_wconf 86' lang='lat' dir='ltr'>in</span> <span class='ocrx_word' id='word_1_277' title='bbox 1065 2204 1219 2243; x_wconf 81' lang='lat' dir='ltr'>adjutorio</span> 
     </span>
     <span class='ocr_line' id='line_1_89' title="bbox 889 2249 1279 2289; baseline -0.003 -7"><span class='ocrx_word' id='word_1_278' title='bbox 889 2249 966 2289; x_wconf 82' lang='lat' dir='ltr'>Ejus</span> <span class='ocrx_word' id='word_1_279' title='bbox 990 2258 1078 2282; x_wconf 84' lang='lat' dir='ltr'>sacro</span> <span class='ocrx_word' id='word_1_280' title='bbox 1103 2252 1279 2284; x_wconf 85' lang='lat' dir='ltr'>interventu</span> 
     </span>
     <span class='ocr_line' id='line_1_90' title="bbox 934 2298 1251 2336; baseline 0.006 -9"><span class='ocrx_word' id='word_1_281' title='bbox 934 2300 965 2328; x_wconf 82' lang='lat' dir='ltr'>et</span> <span class='ocrx_word' id='word_1_282' title='bbox 988 2298 1108 2336; x_wconf 80' lang='lat' dir='ltr'>potenti</span> <span class='ocrx_word' id='word_1_283' title='bbox 1131 2299 1251 2329; x_wconf 89' lang='lat' dir='ltr'>merito.</span> 
     </span>
     <span class='ocr_line' id='line_1_91' title="bbox 1231 2351 1264 2379; baseline 0 0"><span class='ocrx_word' id='word_1_284' title='bbox 1231 2351 1264 2379; x_wconf 81' lang='lat'>17</span> 
     </span>
    </p>
   </div>
  </div>
 </body>
</html>
