1679 2491
688 67 944 102 —129—

207 185 214 192 .
238 160 328 192 Haec
350 163 424 191 sunt
446 161 507 192 Dei
528 161 667 200 monilia,

243 205 404 238 Castitatis
428 206 571 246 insignia,

242 251 304 284 Per
327 251 409 283 hanc
433 253 589 284 exsultant
613 253 725 292 angeli,

242 297 415 330 Laetantur
439 301 471 329 et.
493 299 683 338 archangeli.

210 371 216 378 .
243 343 345 383 Salve,
370 346 470 375 mater
493 344 629 384 Enimia‚

245 390 347 429 Salve,
372 390 478 429 proles
504 389 626 428 eximia,

243 435 292 468 De
316 436 454 467 tenebris
479 436 581 467 exsilii

242 481 289 514 Te
313 482 450 513 clamant
472 482 519 512 tui
542 480 610 520 filii,

241 527 288 561 Ut
312 528 423 568 quibus
450 528 505 560 das
528 528 702 565 terrestria,

240 573 306 606 Des
330 573 477 614 precibus
503 573 657 606 coelestia.

208 644 214 651 .
241 620 288 652 Te
313 621 470 652 dominam
495 621 699 659 deposcimus,

242 667 341 705 Quam
366 666 453 698 coelo
479 666 604 705 dignam
624 664 789 697 credimus.

304 741 351 772 In
377 741 408 772 3.
433 739 661 770 Nocturno.

386 788 432 815 Ad
453 787 581 815 Cantica.

210 852 216 858 .
242 827 298 866 Te,
323 826 409 859 Deus
434 826 638 864 omnipotens,

244 873 385 912 Supplici
408 875 480 904 voto
507 870 712 910 deposcimus,

244 919 290 952 Ut
309 920 488 950 interventu
503 917 631 956 virginis
648 916 791 947 Enimiae

244 965 347 996 Noxia
372 974 391 996 a
414 964 504 995 nobis
523 966 634 994 cuncta
651 963 791 1002 depellas

242 1012 287 1043 Et
310 1011 461 1050 optabilia
484 1009 567 1041 bona
591 1009 753 1041 concedas.

382 1065 586 1099 Responsoria.

212 1134 218 1141 .
244 1109 341 1147 Quam
366 1106 443 1138 felix
468 1115 511 1148 eS,
534 1106 670 1145 Enimia,

245 1155 330 1193 Quae
353 1161 436 1185 nunc
458 1154 493 1184 in
518 1153 595 1184 coeli
621 1153 706 1184 curia

245 1201 332 1232 Inter
357 1203 528 1231 castrorum
551 1200 674 1237 agmina

246 1248 370 1279 Corona
392 1244 493 1284 fulges
517 1245 648 1285 gemina,

244 1293 360 1324 Rosam
384 1294 513 1330 portans
539 1294 571 1322 et
593 1290 702 1330 lilium,

247 1338 335 1377 Quod
369 1337 485 1376 duplex
509 1337 612 1376 signat
635 1336 791 1375 gaudium.

212 1408 217 1414 .
243 1383 417 1423 Virginitas
441 1386 490 1414 est.
511 1383 611 1413 lilium

243 1431 288 1462 Et
312 1429 407 1461 animi
431 1429 594 1468 munditia,

245 1477 330 1508 Rosa
352 1475 454 1507 carnis
479 1475 667 1514 supplicium

244 1522 288 1554 Et
306 1522 389 1562 Jugis
414 1521 613 1553 abstinentia.

210 1602 216 1610 .
242 1578 381 1618 Famem,
407 1578 495 1616 rupis
521 1577 631 1608 exsilia

243 1625 307 1656 Pro
332 1624 418 1656 coelo
442 1622 505 1654 fert
529 1623 663 1661 Enimia,

243 1672 347 1703 Parvo
371 1679 406 1701 se
429 1670 557 1701 damnat
580 1677 704 1700 carcere

243 1718 293 1749 De
316 1716 377 1748 Dei
402 1719 488 1747 certa
510 1724 647 1755 munere,

243 1763 313 1794 Nec
337 1771 371 1794 se
395 1762 502 1801 prodit
524 1762 558 1793 in
582 1762 724 1799 termino,

246 1809 324 1847 Quia
348 1816 382 1839 se
406 1810 512 1839 servat
535 1807 678 1839 Domino.

210 1880 217 1889 .
242 1854 338 1894 Fugit
362 1854 472 1885 cohors
497 1853 747 1892 phantasmatum

245 1900 444 1940 Virginitatis
469 1899 643 1938 sabbatum,

245 1948 292 1981 Ut
315 1947 421 1979 vineat
443 1948 545 1977 motus
570 1953 724 1983 sensuum,

245 1994 312 2026 Iter
337 1992 518 2025 conscendit
542 1991 682 2023 arduum.

211 2067 218 2074 .
244 2042 320 2074 Cum
345 2038 474 2071 Martha
496 2038 571 2069 totis
596 2037 738 2069 sensibus

244 2089 396 2120 Versatur
421 2085 504 2117 circa
527 2084 664 2124 plurima.

244 2134 289 2166 Et
313 2141 381 2165 cum
405 2132 512 2164 Maria
534 2131 668 2163 Domino

244 2180 409 2212 Adhaeret
433 2178 643 2217 devotissima,

245 2227 338 2260 Nunc
354 2229 460 2266 portat
475 2225 598 2264 pondus
609 2232 792 2263 pauperum,

244 2273 338 2305 Nunc
363 2275 434 2305 orat
456 2272 558 2304 Deum
579 2271 702 2303 iterum.

232 2332 308 2355 Drev
316 2337 344 2353 es
351 2347 357 2357 ,
377 2330 499 2353 Historiae
510 2328 663 2357 rhythmicae.
692 2328 723 2351 11.

845 161 883 194 V.
908 162 1007 193 Plena
1031 162 1157 192 summis
1180 160 1348 191 virtutibus

910 206 1032 238 Sanctis
1056 206 1174 238 insistit
1197 205 1328 245 actibus,

914 254 1029 285 Amans
1053 252 1153 284 Deum
1179 254 1211 283 et
1233 252 1417 292 proximum,

912 299 1044 331 Carnem
1068 299 1196 330 domans
1221 302 1252 329 et
1274 299 1423 330 animum.

852 355 885 386 4.
912 354 936 386 Ο
962 354 1113 385 castitatis

909 399 1033 431 Merces
1057 409 1141 436 vera,

912 445 1007 485 Deus,
1031 446 1161 485 virginis

911 491 997 523 Tuae
1018 492 1164 531 precibus

910 537 1011 568 Nobis
1036 538 1169 568 coeleste

911 583 1028 615 Tribue
1052 591 1189 623 regnum.

846 629 883 661 V.
910 629 934 660 O
958 632 1060 660 mater
1082 629 1216 668 Enimia‚

912 683 970 712 pro
994 675 1083 706 nobis
1108 684 1171 706 ora.

1086 755 1155 782 Pros
1163 756 1224 782 vlla.

914 802 1063 834 Coelestis
1088 802 1148 833 Dei

912 847 961 879 Sis
987 856 1080 879 eausa
1102 851 1228 879 nostrae
1250 848 1327 887 spei,

914 894 938 925 O
964 902 1077 933 sponsa
1101 894 1192 932 regis,

913 940 1043 978 Suscipe
1067 940 1113 970 tui
1137 939 1246 971 laudes
1271 939 1384 979 gregis.

911 1004 1047 1042 Enimia‚

915 1050 1000 1087 Quae
1023 1052 1095 1088 post
1118 1050 1250 1090 vestigia

915 1097 986 1129 Jam
1010 1095 1082 1135 agni
1106 1096 1206 1127 curris
1229 1096 1262 1127 in
1287 1096 1396 1135 gloria,

916 1142 1000 1179 Quae
1023 1142 1118 1173 noxia

917 1187 1121 1219 Contemnens
1145 1187 1260 1226 gaudia

914 1234 967 1265 Ad
991 1234 1071 1265 coeli
1094 1234 1207 1264 venisti
1229 1234 1392 1272 praemia·r

914 1298 1001 1338 Roga
1025 1306 1126 1337 regem
1152 1297 1247 1329 hodie

913 1343 1162 1381 Misericordiae,

915 1389 961 1421 Ut
982 1398 1039 1421 nos
1063 1398 1119 1420 sua
1141 1389 1241 1428 gratia

914 1436 1021 1468 Salvet
1043 1443 1101 1475 per
1125 1436 1238 1468 omnia.

916 1500 1026 1533 Custos
1052 1500 1211 1542 ecclesiae,

914 1546 1062 1586 Lai-gitor
1086 1546 1205 1586 veniae,

916 1611 1036 1643 Lumen
1059 1619 1167 1642 verum
1193 1612 1232 1642 de
1254 1611 1388 1649 luminer

914 1657 1134 1696 Deprehensos
1157 1658 1190 1688 in
1215 1657 1344 1688 crimine

915 1722 1053 1761 Virginis
1077 1722 1223 1760 precibus

917 1769 947 1800 A
972 1768 1062 1799 malis
1088 1768 1239 1807 omnibus,

917 1813 1050 1851 Christe,
1074 1822 1132 1845 nos
1154 1814 1246 1845 ablue

915 1859 959 1892 Et
984 1860 1061 1890 coeli
1085 1860 1188 1891 tribue

963 1905 1098 1945 Agmini.

1028 2006 1058 2038 A
1069 2007 1088 2039 d
1113 2006 1141 2038 L
1150 2015 1168 2037 a
1175 2016 1196 2037 u
1206 2008 1226 2039 d
1237 2015 1253 2038 e
1261 2016 1292 2039 S.

1060 2070 1253 2107 Antiphonae.

859 2128 890 2162 1.
916 2128 1012 2168 Virgo
1037 2128 1175 2167 prudens
1199 2128 1329 2160 Enimia

917 2174 1028 2207 Carnis
1051 2175 1205 2214 persolvit
1229 2175 1382 2215 debitum,

916 2222 1066 2253 Laetetur
1088 2230 1171 2253 nunc
1196 2221 1328 2253 ecclesia

913 2268 991 2307 Ejus
1017 2267 1167 2300 extollens
1191 2269 1350 2301 meritum.
