1674 2492
648 80 902 115 —245-

217 173 335 209 Antiph.
355 181 407 199 ms.
428 173 633 201 Bellovacense
652 181 725 200 saec.
748 171 790 200 14.
810 174 850 199 in.
885 172 952 200 God.
974 174 1002 201 S.
1023 173 1183 201 Genovefae
1203 173 1333 200 Pari3ien
1349 173 1416 200 13ss1.

142 212 203 239 Fal.
222 209 267 238 26.
288 209 321 237 A.
340 225 377 229 —
401 210 519 245 Antiph.
538 219 590 238 ms.
603 209 807 237 Cameracense
826 218 901 238 saec.
924 208 967 237 14.
998 210 1067 237 Cod.
1081 209 1261 237 Cameracen.
1274 208 1320 238 40.
1335 211 1367 237 B.
1381 223 1416 229 -ψ-

141 249 227 275 Iuvit.
247 248 338 276 lautet
356 248 386 274 in
404 247 443 273 B:

404 283 590 312 Exsultemus
610 284 742 317 Domino,
781 284 891 311 Summi
910 286 986 320 regis
1005 283 1074 319 filio,

406 321 464 354 Qui
483 323 581 349 saneto
599 320 712 348 Thema
728 321 854 356 palmam
892 321 980 348 Dedit
999 323 1028 347 et
1047 329 1188 348 coronam.

215 360 249 386 In
271 357 294 386 1.
314 359 396 386 Noct.
416 357 439 383 A
467 356 490 392 1,
521 356 535 384 1
557 357 667 385 Ardore
689 358 800 385 fervens
819 359 852 385 Β.
871 373 910 378 —-
929 356 950 383 A
974 357 1003 393 1,
1031 356 1048 384 2
1068 360 1101 385 ut
1118 357 1264 393 pontificio
1285 359 1317 385 Β.
1338 373 1371 376 -
1394 355 1416 384 Α

140 395 170 429 3,
199 394 216 423 3
234 396 359 423 Thomas
386 395 503 423 inclitus
529 395 659 422 clanculo
677 395 711 422 A.
730 411 767 415 —
788 392 808 420 R
831 394 858 429 1,
888 393 904 422 1
924 394 1027 422 Sancte
1046 395 1170 423 Thomas
1190 395 1223 423 A.
1244 411 1279 415 —
1301 392 1320 420 R
1342 394 1372 429 2,
1401 394 1417 422 6

141 434 196 461 Dei
221 441 304 461 curas
324 434 392 468 agit.
406 448 443 452 —
461 433 497 460 In
516 430 542 458 2.
556 433 639 460 Noct.
660 431 706 458 AA
726 444 764 453 =
783 431 805 458 A
826 431 851 466 2,
872 430 894 458 Α
915 430 940 466 3,
962 431 984 458 Α
1007 430 1021 458 1
1041 432 1123 459 Noct.
1147 430 1169 458 ἶ.
1190 433 1221 460 Β.
1243 448 1280 452 --
1299 430 1320 459 Α
1343 432 1374 467 1,
1401 432 1418 460 2

141 471 263 498 Infunde
280 471 337 498 Dei
355 470 388 497 Β.
408 484 443 487 -
465 468 485 495 Β
507 468 522 496 1
543 481 581 491 =
599 467 620 496 R
642 468 659 495 2
678 477 733 497 sec.
753 470 828 497 Noct
847 470 879 496 B.
899 483 936 489 —
956 468 976 495 R
996 466 1014 497 3
1033 469 1125 496 lautet
1142 471 1173 496 in
1192 470 1230 497 B:

527 507 574 534 Ex
593 515 706 534 summa
723 515 818 534 rerum
836 507 950 534 laetitia

528 544 661 571 Summus
681 544 714 571 fit
732 545 863 579 planctus
882 546 913 571 in
933 544 1054 571 ecclesia

527 582 573 608 De
591 583 665 608 tanti
684 583 799 617 patroni
818 581 958 614 absentia,

528 618 586 645 Sed
605 626 670 645 cum
686 618 807 646 redeunt
822 618 971 652 miracula,

529 656 617 683 Redit
634 655 741 691 populo
761 656 886 689 laetitia;

475 693 510 720 V.
532 692 664 721 Cucurrit
681 694 767 720 turba
785 693 986 728 languidorum

527 729 569 757 Et
587 731 771 766 consequitur
790 731 911 766 gratiam
931 728 1142 757 beneficiorum.

213 767 249 794 In
268 765 294 795 3.
314 767 396 794 Noct.
417 765 439 792 A
463 765 477 794 1
497 778 534 789 =
553 767 576 793 A
599 765 613 795 1
632 768 719 803 primi
737 769 820 796 Noct.
840 768 872 794 B.
893 781 929 786 -—
950 765 970 792 R
991 765 1008 793 2
1029 766 1152 794 ebenda:

528 805 620 838 Quam
639 805 765 840 pulcth
787 813 873 841 quam
893 807 993 832 sancta

529 842 610 877 Sunt,
631 843 722 877 beate,
741 845 793 869 tua
810 843 972 877 praeconia,

525 879 606 914 Ignis
625 887 762 907 accensus
782 880 981 915 exstinguitur,

530 916 694 944 Exstinctus
715 916 884 951 accenditur,

527 954 624 988 Terra,
646 962 716 989 quos
735 955 846 989 premit,
866 962 925 981 non
944 953 1087 988 opprimit,

528 991 638 1018 Ventus
658 993 789 1027 quiescit,
808 999 887 1019 mare
909 991 1013 1018 obedit,

472 1029 508 1055 V.
530 1029 673 1062 Quoniam
691 1028 814 1056 fideliter
851 1028 1006 1062 Subjeeisti
1025 1028 1147 1054 creatori

529 1066 600 1100 Deo,
620 1065 790 1093 mirabiliter
857 1066 926 1093 Tibi
944 1065 1033 1091 servit
1052 1065 1189 1091 ereatura.

217 1100 237 1128 R
258 1100 275 1130 3
295 1114 332 1124 =
352 1100 372 1128 R
393 1100 411 1130 3
431 1111 485 1130 see.
506 1102 588 1129 Noct.
608 1103 641 1129 B.
661 1117 698 1121 —
716 1102 840 1130 Prosula
857 1102 929 1130 fehlt
947 1102 978 1128 B.
1000 1115 1035 1120 -—
1054 1101 1098 1128 Ad
1117 1101 1186 1128 Ben.
1207 1098 1229 1128 A
1249 1102 1279 1127 in
1297 1101 1336 1129 B:

400 1140 436 1168 In
454 1139 588 1175 paradiso
610 1140 748 1167 ecclesiae
784 1141 825 1167 Et
843 1141 982 1167 virtutum
1002 1138 1151 1165 dulcedine

399 1177 595 1213 Flagrantiam
615 1177 780 1204 coelestium
819 1176 917 1212 Spirat
934 1176 1058 1203 Thomas
1078 1178 1243 1203 aromatum.

214 1214 251 1241 In
268 1212 296 1242 2.
314 1214 400 1250 Vesp.
420 1215 458 1241 ad
475 1215 572 1249 Magn.
592 1213 615 1240 A
634 1215 792 1249 prosaisch.
812 1214 844 1241 B.

376 1322 423 1353 94.
461 1322 496 1352 In
514 1321 730 1352 Translatione
749 1329 772 1351 s.
792 1321 923 1352 Thomao
942 1320 1180 1352 cantuariensis.

277 1402 322 1433 111
348 1402 378 1434 1.
404 1400 615 1440 Vesperis.

318 1464 410 1501 Super
428 1464 569 1492 Psalmos.

138 1522 178 1554 A.
204 1522 304 1554 Adest
329 1522 467 1554 Thomas
488 1521 636 1561 martyris

251 1569 366 1608 Optata
390 1568 564 1608 translatio,

203 1615 262 1653 Qui
287 1615 386 1647 (livini
409 1615 544 1646 numinis

250 1662 365 1701 Fulget
388 1661 556 1700 beneficio3

206 1708 404 1741 Gaudeamus
430 1711 461 1739 et
484 1708 653 1748 psallamus

253 1755 306 1786 Ad
330 1755 478 1786 honorem
502 1753 666 1794 praesulis,

206 1802 252 1834 Ut
277 1802 423 1833 virtutem
448 1804 479 1832 et
502 1801 633 1832 salutem

255 1848 325 1880 Suis
349 1849 489 1887 praestet
512 1845 645 1878 famulis

324 1920 370 1948 Ad
388 1920 563 1955 Mag-nificat.

137 1980 176 2011 A.
199 1980 278 2018 Ave,
303 1978 432 2019 Thoma‚
459 1978 507 2010 vir
530 1977 670 2019 insignis,

249 2025 367 2057 Forma
388 2025 569 2065 patientiae,

203 2072 361 2106 Virtutum
384 2070 585 2112 praefulgens
610 2070 715 2111 signis,

249 2118 405 2151 Defensor
429 2118 589 2157 ecclesiae,

202 2166 277 2199 Tuis
302 2167 438 2205 impetra
461 2165 604 2205 benignis

249 2213 456 2254 Respiramen
480 2212 600 2254 veniae,

202 2263 299 2302 Quam
324 2260 477 2301 benignus
503 2260 558 2292 dat
580 2258 717 2299 indignis

248 2307 446 2340 Distributor
468 2307 597 2348 gratiae.

938 1400 997 1431 Ad
1021 1399 1283 1432 Matutinum.

1005 1472 1216 1500 Invitatorium.

872 1530 1047 1562 Adoremus
1074 1530 1250 1570 Dominum,

876 1577 934 1616 Qui
958 1577 1108 1609 Thomam
1133 1577 1287 1618 egregium

871 1623 1038 1663 Magnifice
1061 1622 1208 1655 mirificat

869 1671 913 1702 Et
936 1671 1085 1702 miranter
1110 1671 1250 1703 honorat.

938 1791 983 1822 In
1010 1790 1039 1823 1.
1066 1790 1122 1823 No
1134 1793 1288 1824 cturno.

1018 1864 1209 1900 Antiphonae.

841 1947 847 1954 .
872 1921 1003 1962 Lignum
1028 1921 1219 1955 odorifemm

872 1968 967 1999 Flore
992 1970 1039 2000 est
1061 1970 1254 2011 translatum,

876 2014 966 2053 Quod
988 2014 1080 2047 floret
1102 2016 1228 2050 uberius

874 2061 1069 2102 Redoletque
1094 2063 1213 2096 dulcius

876 2108 997 2141 Celsius
1018 2108 1163 2143 locatum.

841 2188 849 2196 .
875 2165 1075 2197 Praedicavit
1098 2166 1149 2198 hic
1172 2172 1372 2209 praeceptum

919 2211 1046 2244 Domini
1067 2214 1211 2256 viriliter,

870 2259 930 2290 Est
953 2258 986 2290 in
1010 2259 1075 2299 ejus
1099 2264 1203 2294 monte
1227 2267 1333 2296 sancto

918 2305 1055 2339 victurus
1079 2310 1268 2349 perenniter.
