1679 2491
720 76 971 111 -141-

213 173 243 203 2.
272 172 363 203 Ortus
388 170 565 208 Narbon-ae,
1072 167 1277 202 Responsoria.

296 215 398 247 zabuli
420 224 530 255 pressa
555 215 673 246 ditione
880 215 907 246 1.
932 214 993 246 Hic
1016 215 1066 246 vir
1090 223 1160 245 cum
1183 214 1284 245 turbis

268 262 415 294 Deseruit
439 264 560 301 gentem
984 261 1055 292 dum
1080 264 1188 299 portas
1212 260 1322 293 introit
1344 260 1445 299 urbis,

312 309 442 347 gentilia
466 315 556 339 sacra
580 307 740 338 colentem.
935 307 1049 339 Oscula
1070 308 1194 346 leproso

211 374 240 405 3·
268 373 311 405 Et
333 373 414 412 Petit
436 372 582 404 Uzeciam
984 353 1037 384 dat
1062 353 1198 385 terribili
1222 353 1363 384 scabioso

310 427 416 450 veram
440 418 618 457 quaerendo
643 418 795 457 sophiam,

265 465 388 504 Servos,
415 465 545 496 ancillas

310 515 500 551 postponens
525 511 666 550 praedia,
688 510 791 541 villaS.

406 593 607 628 Responsoria.

234 676 239 682 .
265 649 407 684 Fratres,
433 649 584 680 laetemur

312 704 495 734 sacramque
520 695 602 727 diem
619 703 811 734 veneremur,

263 742 329 781 Qua
355 741 457 780 coepit
479 748 553 772 vere

310 788 406 819 vitam
430 786 588 817 Firminus
612 785 737 825 habere,

230 860 236 866 .
263 834 312 865 Sit
334 834 389 864 lux
413 834 491 864 haec
517 832 658 870 celebris⁷

311 879 353 911 sit
375 879 475 919 pulsis
501 879 586 910 clara
608 878 758 910 tenebris.

232 973 237 979 .
264 949 367 989 Digne
390 949 450 980 Dei
474 948 530 987 fili,

312 996 403 1036 bone,
436 994 569 1033 provide
594 996 703 1033 pastor
727 993 810 1030 ovili,

265 1041 339 1073 Rite
363 1050 487 1081 gregem
510 1044 650 1072 tractans

310 1087 438 1127 pietatis
464 1090 496 1118 et
517 1086 615 1118 ubere
637 1087 777 1124 lactans3

230 1158 237 1165 .
262 1134 325 1165 Res
350 1134 465 1172 probat
488 1134 559 1172 ipsa
584 1133 690 1164 datum

313 1179 405 1219 digne
428 1179 487 1210 tibi
511 1178 735 1218 pontificatum.

229 1271 236 1278 .
263 1249 322 1281 Vir
347 1250 425 1280 casti
451 1248 553 1279 cordis

311 1295 407 1327 totius
433 1297 463 1324 et
487 1293 584 1324 inscie
610 1292 722 1332 sordis,

263 1341 378 1372 Mirari
402 1342 519 1379 posset,

310 1389 365 1417 tua
389 1385 441 1425 qui
463 1385 584 1424 ,ieiunia
605 1387 721 1422 nosset,

229 1456 237 1464 .
261 1431 401 1471 Pervigil
425 1432 458 1463 in
482 1431 612 1470 psalmis

311 1479 458 1510 insistens
483 1477 624 1509 cantibus
648 1476 747 1509 almis.

326 1602 372 1635 In
399 1604 429 1635 2.
456 1600 513 1633 No
524 1604 680 1633 cturno.

411 1670 605 1705 Antiphonae.

230 1752 236 1760 .
262 1728 415 1760 Praesule
441 1725 588 1758 defuncto

311 1774 471 1806 Firminus
503 1773 542 1804 ab
568 1772 679 1804 ordine
705 1774 814 1803 cuncto

261 1821 417 1862 Poscitur,
443 1820 567 1860 legitur,

311 1867 445 1906 rapitur,
473 1866 583 1906 dignus
607 1864 773 1904 reperitur.

227 1958 236 1967 .
259 1937 297 1968 In
321 1937 425 1969 medio
453 1944 530 1975 gyro

311 1991 470 2015 murorum
494 1982 653 2013 schemate
674 1980 753 2012 miro

263 2030 440 2062 Ecclesiam
466 2028 591 2066 struxit,

308 2078 378 2109 laus
405 2075 491 2115 cujus
514 2074 631 2113 ubique
653 2073 780 2105 reluxit.

229 2173 235 2179 .
261 2146 374 2179 Altera
398 2154 474 2177 vero
498 2144 586 2182 foris,

308 2201 371 2224 non
395 2192 488 2232 parvi
504 2193 662 2223 structura
680 2188 812 2227 decoris,

261 2240 367 2271 Verax
393 2242 441 2270 est
463 2239 552 2270 testis

307 2286 410 2326 patris
422 2285 544 2317 actibus
555 2284 649 2323 hujus
662 2281 811 2314 honestis.

900 424 905 430 .
932 400 1141 438 Restituitque
1167 401 1267 430 cutem

981 446 1073 477 simul
1096 446 1300 485 amissamque
1323 446 1468 477 salutem.

902 528 907 533 .
936 501 1073 540 Cumque
1097 501 1220 532 thorum
1244 504 1402 540 premeret

979 550 1073 578 noctu
1096 547 1307 587 languensque
1327 547 1458 585 jaceret,

935 594 1075 632 Angelus
1099 594 1251 625 accedens

978 639 1035 671 has
1061 648 1151 671 voces
1176 640 1299 671 adstitit
1323 639 1436 670 edens:

898 713 905 720 .
932 686 997 724 Quo
1023 685 1191 725 deliquisti,

984 731 1100 762 delevit
1123 732 1226 771 gratia
1251 731 1376 764 Christi.

903 812 909 819 .
937 786 1085 818 Subdidit
1109 786 1226 826 absque
1253 795 1350 825 mora,

983 841 1072 871 quam
1091 833 1133 863 sit
1147 841 1247 872 prope
1263 832 1381 863 funeris
1395 833 1484 870 hora,

934 880 1022 918 Cras,
1048 880 1102 916 ait,
1126 879 1160 910 in
1185 879 1279 910 caelis

981 925 1116 956 concivis
1142 926 1203 956 eris
1226 924 1402 964 Michaelis,

868 970 906 1004 V.
930 972 980 1003 Ac
1002 969 1116 1002 florens
1140 972 1255 1010 palma,

981 1026 1072 1056 quam
1097 1018 1203 1048 concio
1227 1016 1365 1055 percipit
1388 1016 1480 1049 alma.

1000 1109 1045 1140 In
1072 1110 1102 1141 3.
1127 1108 1185 1140 No
1196 1111 1351 1139 cturno.

1080 1166 1271 1202 Antiphonae.

901 1245 907 1251 .
931 1218 1082 1257 Impliciti
1105 1219 1221 1250 morbis

978 1265 1011 1295 in
1034 1264 1177 1303 partibus
1201 1265 1286 1295 illius
1310 1263 1394 1295 orbis

933 1310 1038 1342 Patris
1062 1310 1210 1341 virtutem

981 1364 1106 1387 sensere
1130 1356 1277 1387 merendo
1303 1356 1443 1387 salutem.

902 1438 907 1444 .
933 1411 1074 1451 Quadam
1097 1419 1170 1442 vero
1196 1411 1247 1442 die

984 1458 1084 1497 surgit
1107 1459 1293 1496 sanctaeque
1316 1456 1439 1487 Mariae

934 1503 1049 1536 Valvas
1072 1504 1201 1535 intravit

979 1550 1166 1588 missamque
1189 1549 1257 1581 illic
1281 1548 1461 1580 celebravit.

902 1629 907 1635 .
934 1605 1016 1636 Dum
1039 1613 1114 1636 vero
1139 1604 1235 1643 vadit,

983 1651 1063 1683 sicut
1085 1659 1174 1682 sacra
1196 1650 1290 1683 lectio
1315 1650 1422 1692 tradit-7

935 1697 1034 1729 Dulce
1055 1697 1153 1728 melos
1176 1698 1273 1736 audit,

980 1744 1063 1782 quod
1085 1744 1204 1775 coelica
1223 1743 1330 1774 concio
1346 1741 1482 1781 plaudit.

1074 1808 1277 1842 Responsoria.

903 1879 910 1886 .
935 1854 1030 1886 Hunc
1055 1855 1144 1886 (lecet
1168 1854 1278 1886 extolli

983 1900 1068 1931 vocis
1091 1900 1303 1931 moderamine
1325 1901 1423 1941 molli⁷

937 1946 993 1979 Cui
1015 1947 1100 1979 Deus
1124 1946 1308 1986 hymnorum

984 1993 1071 2024 dedit
1095 1993 1231 2024 auditum
1258 2002 1451 2034 superorum,

900 2063 906 2071 .
933 2037 1025 2071 Hunc
1049 2039 1239 2071 admiremur

985 2089 1137 2126 cantuque
1160 2094 1249 2117 sacro
1273 2094 1464 2118 veneremur.

904 2166 909 2172 .
937 2141 1073 2180 Cumque
1097 2141 1192 2173 boves
1216 2140 1307 2174 funus

981 2188 1151 2228 traherent,
1174 2189 1232 2220 bos
1257 2189 1374 2221 occidit
1393 2198 1481 2229 unuS‚

935 2234 972 2266 In
996 2233 1084 2266 bovis
1109 2243 1253 2267 occursus

980 2290 1059 2321 prop
1063 2290 1153 2314 crans
1159 2290 1250 2322 quem
1255 2281 1374 2314 sorbuit
1381 2291 1484 2322 ursus,
