1656 2491
280 160 411 191 Invento
435 158 566 190 Simonis
590 163 664 187 ense

326 205 429 236 hostes
454 203 568 237 Christi
593 203 709 237 enecat,

240 251 254 285 '.
281 251 382 283 Vertit
406 250 489 282 Deus
514 247 668 280 auditores

328 301 359 328 et
380 304 438 334 per
460 296 559 333 ipsum
583 293 712 324 intonat.

348 386 394 417 In
418 387 449 418 2.
474 384 693 416 Nocturno.

425 443 614 478 Asitipbonae.

251 521 258 528 .
283 497 412 528 Animas
435 496 573 526 lucratus
595 494 708 525 multas

325 546 449 573 sanctus
474 540 559 571 venit
582 539 752 578 Xantouas,

281 587 413 619 Errores
437 595 528 617 verus
553 588 732 624 propurgat,

326 634 380 664 lux
404 632 548 663 tenebras
573 630 694 670 effugat.

249 710 256 718 ,
283 689 393 720 Serere
416 695 570 725 nunquam
595 686 734 717 cessabat

327 740 428 764 semen
455 732 671 770 evangelicum,

282 779 376 812 Unde
399 779 536 818 gaudens
560 777 627 808 Deo
651 775 785 808 fructum

328 825 440 855 obtulit
463 822 627 855 vivificum.

251 904 258 912 ,
284 880 364 910 Nam
387 879 484 909 omnis
509 877 575 909 fere
599 885 747 909 conversa

329 925 413 963 regio
437 923 610 955 Xantonica

288 970 410 1002 Christo
434 969 541 1000 laudes
566 967 719 999 referebat

328 1024 386 1053 per
406 1014 496 1046 fidem
523 1017 552 1045 et
577 1022 679 1054 opera.

421 1077 621 1112 Responsoria.

253 1148 259 1156 .
284 1124 371 1162 Quod
394 1123 514 1155 sobrius
538 1123 607 1161 fuit,
635 1126 745 1162 castus,

329 1170 411 1200 mitis
437 1173 467 1199 et
490 1169 676 1207 humilimus,

284 1215 430 1246 Testatur
455 1216 569 1246 elector
594 1215 658 1253 ejus

332 1260 471 1292 Clemens
497 1260 708 1298 beatissimus3

236 1306 256 1336 ”.
284 1306 438 1345 Quadriga
460 1307 606 1336 virtutum
630 1309 735 1337 vectus

330 1350 425 1382 Satan
447 1352 560 1382 stravit
582 1351 676 1382 ocius.

254 1431 260 1437 .
287 1407 380 1443 Signa
402 1405 500 1436 multa
523 1406 629 1436 vivens
652 1404 737 1444 fecit,

330 1459 392 1481 non
416 1453 462 1481 est
488 1450 666 1490 dubitabile,

286 1496 424 1528 Probant
446 1496 520 1527 haec
546 1504 623 1534 quae
647 1497 708 1535 egit
732 1498 811 1528 mira

330 1542 528 1581 subsequenti
551 1545 699 1581 tempore,

238 1588 259 1620 ⁷.
283 1586 458 1619 Pub1icavit
481 1588 637 1618 miraculis

332 1641 366 1663 se
387 1642 450 1664 non
473 1632 554 1664 falsa
576 1634 719 1671 prodere.

254 1711 261 1718 .
288 1686 478 1718 Praeobtusa
501 1688 625 1726 quidam
650 1693 751 1720 mente

330 1733 534 1765 laerimabaut
558 1734 652 1775 idolo,

288 1777 362 1809 Cum
386 1779 504 1810 luceret
527 1779 619 1811 valde
644 1781 706 1811 vita

330 1825 426 1864 signis
452 1828 483 1855 et
507 1826 636 1864 eloquio,

238 1870 259 1901 ἲ
284 1870 317 1901 Is
341 1871 442 1901 securi
467 1875 559 1910 caput
584 1879 688 1903 caesus

330 1916 474 1956 migravit
497 1926 517 1948 a
539 1917 671 1949 saeculo.

348 1998 392 2029 In
418 2000 449 2031 3.
475 1998 694 2030 Nocturno.

427 2055 618 2092 Autiphouae.

248 2133 254 2139 .
282 2108 360 2140 Post
384 2117 542 2140 excessum
567 2111 653 2149 cujus
676 2110 773 2142 instat

331 2158 419 2186 tanta
441 2157 625 2195 persecutio,

287 2200 333 2233 Ut
354 2202 449 2239 pauci
473 2201 631 2234 deferrent
652 2203 710 2242 illi,

333 2247 387 2278 vix
412 2247 466 2286 qui
489 2248 555 2287 ejus
578 2250 706 2281 tumulO.

822 59 888 95 136
934 76 981 82 —⁶

887 154 917 185 2.

943 153 1050 191 Ipsum
1073 150 1156 181 unde
1181 148 1390 180 confessorem

987 196 1158 228 recolentes
1181 194 1300 234 posteri

944 243 1130 274 Decoratum
1154 239 1332 272 nesciebant

991 296 1104 319 corona
1127 286 1279 325 mai-tyrii.

945 343 1033 382 Quod
1057 345 1212 374 ostensum
1237 346 1284 372 est
1314 340 1492 372 constructa

992 389 1142 428 condigne
1166 388 1297 419 basilica

944 434 1169 472 Translatoque
1192 433 1268 465 illuc
1290 433 1359 471 ipso

989 480 1133 519 praesule
1156 478 1308 510 Palladio.

1081 542 1282 578 Responsoria.

944 592 1020 624 Cum
1050 592 1228 630 spectarent
1252 598 1364 629 corpus
1388 588 1489 620 sancti

991 638 1051 669 duo
1075 646 1112 668 ex
1137 636 1311 673 abbatibus,

945 684 1019 714 Yisa
1044 687 1092 714 est
1116 683 1245 714 cicatrix
1268 682 1380 721 plagae

989 729 1106 760 securis
1128 729 1163 759 in
1188 729 1306 766 capite3

909 801 916 808 .
942 774 1058 812 Quibus
1082 777 1173 805 nocte
1196 774 1362 805 subsecuta

988 820 1034 851 sic
1057 828 1115 859 per
1138 820 1238 851 visum
1260 819 1413 858 loquitur3

942 866 1021 907 Ictu,
1047 874 1136 904 quem
1161 866 1295 903 vidistis,
1325 867 1465 896 sanctum

990 912 1142 950 complevi
1165 912 1357 950 martyrium.

946 963 969 994 O
994 965 1114 1000 martyr
1136 961 1399 1000 praevenerame,

988 1007 1132 1046 Eutropi‚
1155 1007 1330 1046 Xantonae,

946 1053 1041 1091 Quam
1066 1053 1148 1084 celer
1172 1061 1204 1084 es
1228 1053 1396 1088 miraculis,

990 1108 1080 1137 quam
1107 1098 1255 1137 benignus
1279 1099 1410 1135 miseris,

910 1170 917 1177 .
943 1144 1063 1176 Sentiat
1087 1148 1119 1175 te
1142 1152 1253 1184 rogans
1278 1144 1426 1183 quisquis,

989 1189 1132 1230 pontifex
1160 1190 1322 1221 mirabilis.

912 1266 918 1271 .
944 1242 973 1271 A
999 1240 1154 1271 Clemente
1177 1249 1261 1279 papa
1287 1240 1358 1272 date

990 1286 1110 1325 patriae
1133 1286 1336 1323 Xantonicae,

943 1331 1086 1371 Eutropi,
1112 1332 1237 1371 praesul
1260 1335 1376 1375 sancte,

990 1386 1045 1409 nos
1070 1378 1206 1415 peccatis
1231 1378 1327 1417 eripe,

912 1449 918 1455 .
945 1423 1005 1455 Pro
1032 1432 1144 1454 corona
1168 1424 1214 1454 tui
1237 1431 1344 1455 cursus

989 1469 1099 1501 laudes
1123 1468 1245 1500 Christo
1270 1471 1449 1509 promimus.

1115 1527 1254 1554 Prosella.

944 1569 1055 1607 Erepti
1079 1578 1187 1608 aquae,
1211 1569 1321 1609 igneae

991 1623 1117 1656 poenae,
1147 1615 1311 1646 umbrosae

949 1660 1050 1692 Valde
1074 1664 1104 1691 et
1127 1661 1273 1698 putridae

995 1715 1031 1738 ac
1054 1708 1230 1748 immensae⁷

949 1752 1018 1784 Tua
1040 1760 1143 1791 prece,
1169 1753 1313 1791 petimus,

948 1798 1010 1830 Dei
1032 1799 1116 1830 vitae
1138 1798 1291 1831 haeredes

950 1844 1050 1876 Simus
1075 1853 1167 1876 verae
1191 1848 1409 1886 aeternaeque,

949 1889 1001 1922 Sic
1023 1891 1075 1929 pie
1099 1900 1118 1922 a
1141 1891 1302 1922 tormentis
1326 1900 1383 1923 nos

994 1936 1102 1976 Eripe.

1056 2011 1086 2041 A
1097 2011 1117 2044 d
1146 2010 1173 2041 L
1182 2019 1200 2042 a
1211 2020 1229 2041 u
1240 2010 1259 2041 d
1270 2019 1286 2042 e
1295 2019 1319 2043 s.

1094 2064 1285 2100 Antiphonae.

917 2136 925 2144 .
949 2111 1206 2151 Evangelizatum
1229 2113 1340 2145 missus

994 2159 1121 2197 praesul
1143 2158 1315 2200 Eutropius

951 2204 1024 2236 Nou
1045 2205 1172 2236 tacebat
1196 2205 1313 2238 Christi
1335 2207 1446 2239 laudes

1000 2250 1109 2282 diebus
1133 2260 1171 2282 ac
1194 2253 1348 2285 noctibus.
