1656 2491
783 113 1033 148 —214‘

290 214 320 245 3.
346 213 423 245 Ossa
449 211 634 250 quiescentia

294 1827 314 1856 [Ο

388 259 492 290 Trium
517 255 743 288 transferuntur

342 305 394 336 Ad
417 303 515 343 patris
538 301 694 341 praesidia

386 349 513 382 Publice
537 349 700 387 ponuntur.

478 413 677 446 Responsoria.

311 485 317 492 .
341 462 459 492 Horum
480 458 617 489 membra
639 458 738 489 lutum

387 505 486 537 tenuit.
507 505 613 536 laxata
635 504 743 535 laboro

340 552 422 583 Miro
446 551 594 582 virtutum

387 598 476 629 Duno
501 600 686 628 venerantur
709 596 835 634 honore,

309 668 315 674 .
340 644 445 683 Aegra
466 643 531 681 poli
553 652 624 674 rore

390 693 499 720 sanent
522 691 556 719 ut
578 688 716 720 membra
740 688 855 720 dolore.

313 769 319 776 .
343 744 434 776 Nunc
456 746 520 775 tres
542 745 576 775 in
598 744 690 775 Duno

391 790 505 821 tumulo
529 791 719 821 tumulantur
742 790 775 820 in
795 796 865 823 uno,

343 836 481 875 Brigida‚
508 836 660 867 Patricius

389 885 480 921 atque
505 881 651 913 Columba
674 881 753 919 pius,

346 927 492 959 Geminae
513 928 693 965 sacrandae,

386 973 499 1004 mundo
523 976 587 1004 toto
611 973 804 1004 venerandae

311 1044 318 1050 .
343 1020 391 1051 De
411 1022 495 1050 terra
517 1020 658 1050 levantur

392 1073 473 1096 nunc
487 1064 743 1102 honorandaeque
760 1064 879 1094 dantur.

314 1143 321 1151 .
348 1119 469 1150 Currite
489 1120 680 1158 languentes,

391 1166 481 1197 Duno
504 1165 623 1204 piscina
645 1164 831 1204 morborum,

349 1210 484 1250 Corpora
508 1212 557 1242 vel
580 1213 697 1242 mentes

391 1259 530 1296 aegrotas
554 1257 622 1295 ipsa
646 1256 803 1298 medetur,

347 1302 469 1333 Felices
493 1305 607 1345 gentes,

393 1349 501 1387 quibus
516 1349 600 1380 istud
612 1348 724 1380 flumen
735 1348 875 1387 habetur,

315 1418 322 1424 .
347 1394 481 1425 Protulit
503 1394 579 1425 haec
602 1394 686 1426 fossa

393 1440 500 1471 harum
525 1449 613 1471 sacra
636 1440 718 1471 trina
741 1449 819 1473 ossa.

444 1528 460 1558 Ι
469 1535 488 1556 n
510 1525 538 1557 L
546 1535 565 1557 a
572 1536 593 1557 u
603 1527 622 1557 d
631 1527 643 1557 i
652 1526 670 1556 b
680 1536 700 1557 u
708 1536 732 1559 s,

491 1584 679 1620 Antiphonae.

316 1659 322 1664 .
348 1632 505 1663 Levantur
527 1633 661 1670 patroni,

396 1677 486 1710 Pleni
510 1678 587 1709 coeli
611 1686 690 1717 rore,

352 1723 520 1755 Hiberniae
545 1724 668 1764 egregii,

400 1770 506 1801 Induti
531 1770 650 1803 decore.

318 1851 324 1857 .
351 1826 455 1857 Omnis
479 1827 563 1856 terra
582 1825 718 1863 jubilans

398 1872 602 1910 Adoransque
625 1872 767 1911 laetatur,

354 1917 430 1955 Quia
454 1917 538 1949 sidus
562 1918 692 1949 rutilans

396 1963 486 1995 Duno
512 1963 747 1995 demonstratur.

944 208 974 241 3.
999 206 1101 238 Terra
1121 205 1205 237 Duni
1231 205 1362 236 dederat

1046 253 1116 285 Jam
1141 253 1282 291 speratos
1306 250 1435 288 fructuS,

1002 298 1089 336 Quod
1112 298 1184 329 olim
1210 301 1372 336 receperat

1048 344 1136 376 Hora
1160 343 1216 376 leti
1239 344 1350 376 luctus.

946 411 977 441 4.
1004 408 1132 440 Patroni
1155 409 1188 439 in
1212 407 1344 439 Domino

1050 454 1149 485 Deum
1174 454 1371 494 benedicant,

1004 501 1082 539 Quia
1105 501 1182 532 coeli
1207 501 1319 539 gaudio

1051 546 1139 578 Sicut
1161 546 1304 579 Phoebus
1328 547 1451 577 micant.

950 615 979 644 5.
1005 611 1090 644 Deus
1115 620 1133 642 a
1158 610 1311 642 cubilibus

1051 657 1203 689 Exaltans
1227 660 1404 689 mansuetos

1004 703 1097 735 Facit
1121 704 1160 735 de
1183 703 1347 735 stabilibus

1048 749 1206 781 :iucundos
1231 752 1262 780 et
1283 750 1392 781 laetos.

1121 842 1167 868 Ad
1185 841 1363 869 Benedictus.

942 908 980 940 Α.
1006 907 1193 939 Benedictus
1217 906 1378 947 DominuS,

1052 953 1104 992 qui
1128 953 1332 984 translatione

1007 998 1190 1031 Sanctorum
1214 998 1396 1037 Hiberniae,

1007 1045 1136 1077 Patricii
1158 1045 1301 1084 primatis

1000 1091 1045 1123 Et
1066 1091 1235 1122 venerandi
1259 1091 1381 1122 abbatis

1004 1136 1170 1169 Columbae
1193 1137 1411 1177 Brigidaeque,

1052 1184 1181 1222 virginis
1206 1183 1316 1223 almae,

1004 1228 1096 1260 Hunc
1121 1229 1204 1260 diem
1225 1232 1330 1261 sacrat

1050 1275 1169 1313 pariter
1194 1278 1225 1306 et
1247 1275 1466 1315 magnificavit.

1078 1394 1123 1425 111
1148 1396 1177 1426 2.
1203 1395 1415 1435 vesperis.

1122 1468 1168 1494 Aa
1186 1467 1361 1503 Magnificat.

942 1525 981 1556 A.
1008 1522 1031 1556 0
1057 1523 1208 1564 pontifex,
1233 1533 1345 1564 magne
1368 1528 1468 1566 pater,

1054 1570 1179 1608 Patrici,
1204 1570 1377 1603 Hiberniae
1401 1574 1551 1614 apostole,

1009 1615 1032 1648 O
1058 1615 1154 1646 abbas
1179 1617 1351 1657 praeclare,

1054 1660 1203 1694 Columba
1225 1663 1309 1694 mitis
1334 1667 1366 1695 et
1388 1665 1450 1705 pie,

1010 1706 1033 1739 Ο
1058 1707 1188 1747 Brigida
1211 1708 1354 1750 benigna,

1056 1753 1207 1793 virginum
1231 1758 1419 1796 veneranda,

1010 1799 1132 1831 Poscite
1154 1802 1267 1832 vestris

1056 1847 1260 1885 gaudentibus
1284 1849 1452 1889 solemniis,

1013 1891 1136 1924 Perfmi
1160 1892 1318 1926 vobiscum

1056 1940 1251 1978 sempiternis
1274 1943 1405 1980 gaudiis.

360 2045 442 2072 Brev.
468 2053 518 2072 ms.
543 2045 722 2073 Dublinense
746 2054 819 2073 saec.
846 2044 889 2073 15.
923 2047 989 2074 Cod.
1016 2047 1137 2084 Collegii
1162 2050 1211 2077 SS.
1231 2051 1382 2080 Trinitatis
1401 2053 1558 2083 Dublinen.

288 2083 311 2109 B
337 2080 362 2109 3.
391 2080 433 2109 13.
456 2082 490 2109 A.
509 2097 546 2101 —
567 2082 687 2118 Colgan,
711 2084 794 2110 Trias
817 2083 1043 2121 Thaumaturga‚
1068 2086 1148 2113 Blatt
1173 2088 1246 2114 ohne
1273 2089 1444 2118 Seitenzahl.
1470 2093 1502 2120 B.
1521 2109 1560 2113 —

289 2119 324 2146 111
345 2117 368 2145 1.
388 2120 473 2154 Vesp.
493 2119 516 2144 Α
537 2117 568 2153 2,
595 2117 612 2147 3
631 2120 710 2146 Duni
722 2120 760 2161 β.
779 2135 817 2139 -
836 2119 857 2147 Α
879 2119 910 2154 2,
935 2120 955 2149 4
975 2123 1019 2149 De
1038 2123 1155 2157 pulvere
1173 2125 1314 2153 translata
1333 2128 1364 2155 B.
1384 2141 1422 2146 --
1441 2127 1463 2154 Α
1483 2128 1503 2157 4
1541 2129 1559 2159 3

289 2157 356 2183 Rivi
377 2158 550 2192 emergentes
569 2157 601 2183 Β.
621 2170 657 2175 —-
677 2155 699 2182 Α
720 2165 750 2189 ο,
777 2156 794 2183 2
813 2157 973 2186 Hiberniae
990 2160 1023 2186 Β.
1043 2174 1078 2177 -
1097 2161 1133 2187 In
1153 2159 1177 2188 1.
1198 2161 1279 2189 Noot.
1301 2162 1323 2189 Α
1345 2163 1376 2198 1,
1403 2163 1420 2191 2
1440 2151 1560 2203 Brig'ida

290 2202 373 2220 suum
392 2194 513 2220 fluctum
532 2194 564 2220 B.
583 2209 622 2213 -—
641 2191 662 2220 Α
684 2192 714 2226 1,
736 2193 755 2221 4
775 2203 855 2222 secus
875 2196 992 2223 fluvium
1012 2197 1043 2224 B.
1063 2210 1099 2215 —-
1118 2196 1140 2223 Α
1162 2197 1186 2233 2,
1207 2197 1226 2225 4
1244 2202 1452 2230 transtulerunt
1470 2205 1503 2232 Β.
1521 2220 1560 2224 —

291 2228 311 2255 R
334 2229 358 2265 2,
379 2228 398 2257 4
416 2231 532 2257 flumine
543 2231 575 2257 B.
596 2247 632 2251 —
650 2231 685 2259 In
704 2229 729 2257 2.
749 2232 830 2259 Nocb.
850 2230 872 2257 Α
895 2232 918 2266 1,
939 2231 956 2260 3
975 2234 1080 2261 Reddit
1090 2235 1148 2262 AB.
1169 2251 1205 2256 —
1226 2234 1245 2262 R
1269 2236 1292 2271 1,
1314 2237 1331 2266 6
1352 2243 1380 2267 et
1398 2243 1563 2270 veneranda

293 2268 397 2294 dantur
415 2269 448 2294 A.
468 2281 505 2286 ¹—
523 2268 558 2295 In
577 2266 602 2295 3.
623 2269 704 2296 Noct.
726 2267 745 2293 R
766 2267 783 2296 3
802 2270 872 2297 fehlt
889 2270 921 2297 B.
942 2285 979 2290 —
997 2271 1042 2298 Ad
1061 2271 1129 2299 Ben.
1150 2271 1181 2307 Α,
1206 2272 1219 2301 1
1240 2275 1411 2305 Benedictus
1431 2278 1504 2306 fehlt
1522 2280 1559 2307 B·

292 2302 309 2332 8
329 2313 370 2340 sq.
391 2305 515 2332 sacravit
534 2308 562 2332 et
579 2305 773 2342 magnificavit
791 2308 906 2342 pariter.
925 2308 958 2335 B.
1553 2301 1560 2315 ²
