1679 2491
712 76 938 111 *39-

251 166 340 198 Tunc
363 167 495 199 Romam
519 170 613 208 misit,

300 214 381 252 quod
409 214 562 253 agendum
584 217 665 248 scire
682 217 742 248 sibi
759 217 802 248 sit

217 284 224 291 .
250 258 402 298 Jussaque
426 263 499 291 sunt
522 261 620 293 scribi

300 305 397 337 verba
420 308 552 338 remissa
574 308 645 341 sibi.

221 385 228 392 .
252 361 405 399 Princeps
428 361 588 393 Romanus

299 407 378 438 Jove
401 411 481 438 teste
504 407 718 439 Diocletianus

251 452 395 491 Mandat,
421 454 454 484 ni
479 462 571 485 sacra
594 454 677 494 dent,

300 500 383 538 quod
407 499 498 531 simul
523 509 596 531 ense
621 501 742 534 cadent.

252 544 356 576 Judex
380 546 439 577 hoc
463 547 544 577 lecto

296 591 385 630 ‚iubet
397 592 453 623 hos
464 592 539 624 dare
547 601 638 624 sacra
646 591 798 632 profecto,

219 664 225 669 .
251 636 332 668 Nam
355 638 424 668 vult
447 639 627 669 mandatum

297 683 450 722 principis
475 692 543 714 esse
564 688 677 714 ratum.

218 760 224 766 .
250 736 309 768 His
335 739 383 767 est,
406 746 482 767 cura
505 737 592 776 sequi

296 782 452 814 Christum
478 782 619 813 fervente
642 782 715 821 fide,
745 784 797 821 qui

249 827 309 860 Est
333 836 352 859 a
375 831 467 866 patre
492 828 592 866 datus,

295 874 417 912 virgine
440 878 539 905 matre
561 877 656 912 satus,

248 919 302 960 Et,
328 920 401 959 quia
424 928 475 950 res
499 920 545 950 sic
567 923 624 955 est,

292 965 391 1004 judex
415 966 568 997 sententia
595 966 681 997 dicit.

214 1036 222 1043 .
246 1011 293 1044 Ut
314 1012 452 1051 perdant
476 1012 588 1053 capita,

290 1058 342 1094 jus
363 1058 454 1096 „iubet
478 1062 508 1089 et
532 1059 587 1089 ita.

313 1151 358 1182 In
385 1152 415 1182 2.
443 1150 469 1181 N
482 1153 667 1182 octurno.

393 1208 586 1243 Antiphonae.

214 1285 221 1292 .
248 1261 296 1294 Ut
317 1261 404 1291 necis
428 1261 556 1291 auditur

293 1307 458 1346 sententia,
486 1314 593 1337 currus
618 1305 732 1343 aditur,

248 1352 426 1392 Junguntur
449 1352 536 1386 muli,

294 1400 341 1429 sic
365 1398 481 1429 abeunt
504 1398 594 1429 simul
620 1397 663 1429 hi.

215 1478 222 1485 .
248 1453 307 1486 His
332 1453 384 1485 via
408 1453 561 1489 tardatur,

296 1508 365 1531 curn
388 1499 490 1530 mulus
514 1497 729 1537 mortificatur,

246 1546 299 1585 Et,
325 1554 405 1585 quae
431 1548 583 1584 captatur,

292 1593 438 1631 proxima
460 1593 566 1630 palma
591 1590 693 1622 datur.

211 1673 218 1680 .
243 1649 433 1680 Accelerant
457 1646 539 1678 servi

293 1694 436 1725 crudeles
460 1697 555 1732 atque
578 1692 719 1732 protervi

245 1741 300 1778 Et,
325 1749 403 1780 quos
426 1740 503 1772 dant
527 1738 644 1778 egredi,

291 1796 365 1818 mox
390 1786 512 1817 faciunt
535 1785 669 1824 regredi.

384 1849 589 1883 Responsoria.

211 1933 218 1939 .
244 1908 316 1939 Non
340 1906 416 1945 fuga
436 1906 559 1936 dicatur

292 1954 345 1984 via
361 1951 505 1986 fratrum,
524 1960 603 1990 quae
619 1954 794 1989 revocatur,

244 2001 324 2032 Nam
352 2000 441 2038 quasi
466 1999 512 2029 sic
538 1997 632 2035 dicat,

289 2047 369 2078 haec
392 2046 446 2076 via
469 2043 641 2085 significat:

244 2093 348 2133 lllum,
376 2101 467 2131 quem
493 2091 631 2130 colimus,

289 2139 464 2179 sequimur,
489 2140 675 2178 properate,
704 2143 793 2175 prae-

568 2192 662 2223 1mus,

175 2234 215 2267 V.
240 2233 371 2271 Sumite,
396 2232 466 2272 quis
488 2230 646 2271 prohibet,

289 2278 377 2320 figite
401 2280 474 2312 tela.
501 2277 588 2310 libet.

864 173 895 204 2.

854 447 894 480 V.

867 548 898 580 3.

852 820 889 852 V.

851 1941 891 1973 V.

861 2043 891 2074 2.

920 171 1015 203 Absit
1039 172 1092 209 eis,
1118 170 1192 210 fuga
1215 171 1255 202 sit

966 219 1027 248 iter
1034 218 1102 256 hoc,
1112 218 1193 256 quod
1203 226 1289 248 mens
1297 218 1351 257 pia
1356 219 1462 256 suasit,

920 263 987 295 Nec
1011 263 1200 295 desiderium

967 310 1108 349 martyrii
1132 310 1258 348 minuit3

919 355 965 387 Ut
987 354 1233 393 manifestentur,

965 401 1081 432 abeunt
1103 402 1272 441 poenisque
1295 403 1453 440 parentur,

919 446 973 478 Sic
996 447 1137 478 abeundo
1162 451 1258 485 patet,

965 493 1047 532 quod
1072 493 1132 523 sibi
1156 497 1259 524 mente
1282 494 1369 525 latet.

924 546 958 578 Si
982 548 1207 586 quaesivissent

963 593 1100 625 latebras
1112 594 1183 632 sibi,
1198 602 1265 624 cum
1277 594 1461 632 potuissent,

919 639 985 670 Iter
1009 640 1182 677 arriperent

963 688 1056 715 noete
1079 693 1177 724 suum,
1201 684 1361 723 fugerent3

918 729 989 760 Non
1013 730 1142 760 latebris
1163 730 1293 765 inhiant,

966 774 1081 806 Christi
1106 775 1162 806 sed
1187 781 1219 805 ut
1244 775 1347 806 hostia
1368 774 1453 816 fiant,

916 819 1083 858 Quaerunt,
1110 821 1192 859 quod
1219 821 1355 859 cupiunt,

964 874 1024 897 non
1049 866 1145 905 igitur
1169 865 1299 906 fugiunt.

982 938 1028 970 1n
1054 940 1085 971 3.
1110 939 1168 971 No
1180 943 1336 972 cturno.

1061 994 1252 1029 Antiphonae.

884 1065 892 1073 .
918 1040 1016 1071 Usum
1041 1042 1163 1079 quando
1189 1042 1257 1072 viae

965 1086 1093 1117 :Iezabel
1116 1087 1270 1118 obstruxit
1295 1088 1395 1127 miae,

919 1131 1035 1163 Currus
1060 1133 1197 1164 aetherei

965 1179 1094 1217 contigit
1117 1187 1191 1209 usus
1217 1180 1253 1209 ei.

886 1252 893 1259 .
919 1228 1067 1267 Martyrii
1090 1229 1225 1266 palmam

969 1274 1042 1305 dum
1058 1275 1104 1304 sic
1122 1274 1275 1305 ducuntur
1287 1274 1327 1305 acl
1340 1274 1461 1312 almam,

920 1318 1020 1350 Curru
1044 1323 1114 1351 sunt
1138 1320 1194 1351 lati

961 1365 1076 1403 judicis
1101 1366 1222 1398 armati.

920 1415 953 1447 Si
978 1417 1020 1446 sit
1042 1416 1182 1456 bigarum

965 1462 1088 1493 collatio
1113 1461 1197 1493 facta
1222 1463 1361 1500 duarum,

918 1509 1028 1547 Aequo
1054 1509 1237 1547 conspicuae

963 1557 1034 1585 sunt
1059 1555 1092 1585 in
1117 1555 1232 1586 honore
1258 1554 1346 1587 duae.

1056 1618 1259 1652 Responsoria.

887 1690 893 1696 .
918 1664 970 1695 Ad
994 1666 1133 1703 requiem
1156 1666 1272 1696 laetam

964 1711 991 1741 si
1014 1711 1144 1748 pertulit
1167 1711 1224 1742 illa
1246 1713 1441 1750 prophetam,

919 1756 971 1787 Ad
995 1757 1128 1795 palmam
1155 1758 1270 1796 pariles

964 1807 1028 1834 tres
1052 1803 1148 1834 trahit
1173 1803 1249 1834 haec
1271 1803 1410 1843 pugiles3

917 1849 1010 1880 Aeris
1034 1858 1093 1880 axe
1116 1849 1182 1880 vias

963 1895 1065 1934 Ignito
1090 1895 1212 1926 scandit
1235 1895 1333 1927 Elias.

918 1939 1096 1973 Catholicae
1118 1940 1194 1972 fidei

962 1990 1028 2018 tres
1050 1988 1147 2027 liquet
1171 1987 1242 2028 igne
1266 1988 1348 2019 vehi.

918 2042 1064 2082 inspecto
1089 2044 1225 2075 tandem.

963 2090 1046 2128 quod
1062 2093 1125 2122 tam
1140 2093 1319 2121 constanter
1334 2091 1464 2122 eandem

915 2134 1054 2167 Mentem
1077 2140 1142 2167 tres
1167 2137 1311 2176 habeant,

965 2182 1046 2221 quod
1071 2183 1190 2214 retrahi
1213 2187 1378 2223 nequeant⁷

916 2227 1010 2260 Ensis
1033 2229 1174 2261 vibratur

963 2276 1061 2315 magis
1087 2280 1117 2308 et
1142 2285 1306 2317 superesse
1322 2281 1463 2319 negatur,
