1679 2491
716 71 969 107 —-143—

270 168 403 200 Maturis
425 170 549 198 teneros

317 212 457 244 sensibus
482 220 578 243 annos

272 259 434 297 Oppressit
458 261 596 289 veterum

314 303 397 335 facta
421 304 587 343 sequendo,

239 387 244 393 .
271 359 320 391 Ne
345 358 451 391 fervor
472 359 620 398 juvenilis
646 368 714 391 eum

315 414 446 437 vacuum
470 408 644 447 superaret,

268 452 339 484 Otia
365 451 499 490 diffugiit

315 500 450 529 mentem
474 497 670 538 perimentia,
696 497 794 529 sacris

271 544 403 583 Saepius
426 545 574 575 insistens

315 591 461 629 precibus
489 591 642 630 librisque
666 590 816 629 legendis.

411 673 613 707 Responsoria.

240 755 245 760 .
272 727 331 759 His
356 728 469 759 studiis
492 736 572 767 puer
594 728 654 759 iste

315 773 451 805 refertus
475 782 582 805 amore
605 782 750 814 superno,

271 819 409 851 Delicias
434 827 583 858 spernens

316 866 492 897 mundanae
514 865 660 905 luxuriei‚

271 912 408 950 Optabat
430 912 552 951 patriae

318 958 460 989 coelestis
484 957 573 989 adire
598 961 749 997 senatum,

239 1029 245 1035 .
271 1003 414 1035 Moribus
438 1003 570 1043 egregiis

315 1058 511 1089 praeponens
537 1049 619 1081 alma
643 1049 779 1083 caduciS.

239 1132 245 1139 .
271 1106 393 1137 Aetatis
418 1104 558 1136 lubricae

316 1159 394 1191 quae
406 1154 539 1190 poscunt
550 1153 703 1190 tempora,
716 1152 819 1183 vitans

272 1198 316 1230 Et
338 1198 457 1236 magnis
481 1197 621 1229 modicos

319 1252 431 1276 ornans
456 1243 623 1275 virtutibus
646 1245 742 1285 artus,

272 1292 309 1323 In
333 1291 429 1321 robur
452 1290 567 1321 meruit

315 1336 447 1368 mundus
473 1336 609 1367 transire
632 1336 733 1375 virile,

239 1409 245 1415 .
271 1383 360 1422 Quod
382 1383 487 1414 nullus
511 1383 623 1422 potuit,

316 1430 378 1460 nisi
401 1438 490 1460 sacro
514 1428 640 1460 flamine
664 1427 771 1461 fultus.

238 1512 244 1519 .
272 1485 380 1517 Carnis
405 1484 443 1516 ab
468 1484 626 1516 illecebris

317 1531 447 1563 Emerso
471 1529 549 1562 flore
571 1531 719 1569 juventae

270 1579 342 1611 Jam
366 1577 415 1610 vir
439 1580 564 1609 exstans
587 1576 639 1608 hic
663 1577 773 1608 beatus

271 1624 362 1656 Bella
384 1626 478 1664 parat
501 1624 586 1655 vitiis

317 1671 410 1703 Fidei
434 1670 631 1702 circumsitas
655 1670 761 1709 armis,

272 1718 317 1750 Ut
341 1726 455 1749 corona
477 1715 660 1756 perfruatur

240 1790 245 1796 .
271 1764 467 1804 Multiplices
489 1763 567 1803 vigil
591 1764 761 1801 exsuperat,

319 1819 430 1842 cuneos
456 1809 612 1841 vitiorum.

332 1926 379 1958 In
404 1926 435 1957 2.
462 1923 520 1956 No
531 1925 691 1955 cturno.

414 1991 609 2028 Antiphonae.

237 2078 244 2087 .
270 2052 426 2084 Vestitum
450 2050 553 2088 nudis,

319 2098 396 2130 dans
424 2094 631 2129 esurientibus
657 2101 758 2125 escam

269 2146 405 2177 Munere
426 2141 582 2182 largifluo,

312 2199 409 2231 parce
415 2189 475 2221 sibi
486 2196 624 2229 quaeque
629 2186 819 2224 ministrans,

271 2237 443 2277 supposuit
466 2236 600 2276 pedibus

317 2284 434 2314 crimen
458 2282 618 2315 avaritiae.

879 169 910 199 2.
936 167 1068 198 Actibus
1092 170 1126 197 et
1149 166 1252 198 verbis

985 221 1170 244 conservans
1198 221 1309 252 corpus
1334 214 1482 253 honestis,

936 260 1052 291 Arcem
1077 259 1286 291 conscendens

984 306 1140 344 optandae
1163 306 1363 346 virginitatis,

938 352 1036 383 Tutus
1062 352 1204 391 despexit

986 398 1108 437 spicula
1130 397 1283 432 luxuriae.

906 499 913 507 .
940 476 1144 514 Congaudens
1166 476 1258 507 laetis

987 524 1018 552 et
1040 522 1166 553 moestis
1192 522 1417 562 compatiendo,

939 568 1101 606 Exoptans
1129 568 1208 610 aliis,

985 622 1183 653 quaecunque
1207 614 1268 645 sibi
1291 614 1445 653 cupiebat,

940 660 1030 691 Vires
1054 659 1224 700 pestiferae

988 706 1111 737 subruit
1132 706 1279 739 invidiae.

1079 805 1283 839 Responsoria.

907 893 914 901 .
942 870 1079 909 Cumque
1099 870 1164 908 jam
1189 870 1298 902 salutis
1322 872 1440 910 auctor,

986 916 1153 947 electorum
1178 916 1334 956 gaudium,

941 962 1027 993 Talis
1051 962 1135 994 vitae
1161 962 1382 994 declarandum

987 1008 1206 1047 comprobaret
1226 1008 1381 1045 meritum,

939 1054 1024 1085 Mira
1049 1055 1153 1093 coepit
1175 1054 1299 1093 operari

987 1109 1044 1140 per
1069 1100 1151 1131 hunc
1175 1109 1264 1131 suum
1288 1099 1446 1143 famulum,

905 1173 912 1180 .
939 1146 986 1178 Ne
1009 1147 1122 1178 lateret
1145 1147 1320 1186 indigentes

987 1193 1056 1224 luce
1079 1193 1183 1223 lumen
1207 1192 1416 1231 splendidum.

908 1303 914 1309 .
940 1277 1010 1308 Hac
1033 1276 1200 1314 Johannes‚
1226 1275 1443 1315 Lugdunensis

987 1321 1130 1362 pontifex
1153 1327 1304 1361 egregius,

940 1368 1039 1400 Fama
1063 1369 1123 1399 viri
1147 1368 1286 1407 gaudens
1310 1366 1411 1399 factus

990 1415 1083 1445 claris
1108 1423 1165 1454 pro
1190 1414 1394 1453 magnalibus,

942 1460 1056 1493 Grates
1080 1469 1184 1492 rerum
1207 1461 1293 1500 patri
1315 1461 1439 1492 solvens

987 1507 1106 1539 intimis
1135 1516 1174 1538 ex
1197 1507 1349 1546 sensibus,

944 1553 1128 1585 Convocatis
1152 1553 1322 1585 Gallicanis

987 1601 1021 1631 in
1045 1609 1139 1631 unum
1162 1599 1368 1640 praesulibus,

943 1645 1136 1677 Ambianicis
1159 1645 1334 1677 Firminum

992 1692 1186 1724 consecravit
1208 1691 1363 1731 plebibus,

907 1763 914 1771 .
941 1739 986 1771 Ut
1010 1738 1151 1777 benignis
1177 1737 1305 1769 verbum
1329 1736 1388 1768 Dei

989 1784 1088 1822 ipsius
1112 1783 1305 1815 sermonibus

943 1830 1118 1861 Pullularet
1142 1828 1342 1868 profanorum

990 1875 1177 1906 occultatum
1199 1875 1356 1913 vepribus.

909 1978 916 1986 .
944 1952 1104 1985 Gloriosus
1129 1953 1181 1984 hic
1204 1953 1334 1984 antistes

988 1998 1151 2031 Ambianis
1174 2008 1317 2031 remeans

943 2045 1020 2077 Tam
1047 2046 1179 2085 benigne
1204 2055 1294 2085 quam
1318 2046 1491 2085 prudenter

989 2092 1113 2131 plebem
1138 2091 1198 2124 sibi
1221 2093 1370 2124 traditam

943 2138 1092 2170 Invitavit
1119 2139 1161 2170 ad
1186 2139 1351 2171 coelestem

990 2185 1192 2217 introducens
1215 2186 1359 2226 patriam,

910 2256 916 2264 .
942 2230 1055 2262 Verbis
1080 2234 1173 2271 atque
1195 2231 1289 2264 factis
1315 2233 1428 2264 docens

991 2286 1043 2309 eos
1069 2278 1149 2310 vitae
1174 2279 1323 2313 semitam.
