1656 2491
734 97 988 131 —126—

225 200 264 231 V.
290 197 462 229 Salvator-is
484 195 593 227 mundi
615 192 676 223 Dei

335 244 477 274 invocato
501 239 635 270 nomine.

354 358 400 388 In
425 358 456 387 2.
482 354 707 385 Nocturno.

437 415 630 450 Antiphonae.

235 476 267 507 1.
294 474 432 511 Cumque
454 470 547 502 flores
568 472 634 509 Jam
658 468 778 500 subiret

339 519 393 549 hic
415 517 654 554 adolescentiae,

293 564 425 595 Romam
445 564 534 602 Jussu
560 561 675 594 Christi
698 561 780 600 petit

339 618 432 642 causa
455 608 636 648 sapientiae.

237 669 268 700 2.
296 666 391 705 Quem
414 665 573 696 Romanae
595 663 660 695 Leo
691 662 744 702 qui
766 664 842 693 tunc

339 714 486 751 praeerat
509 709 666 748 ecclesiae,

298 758 482 795 Susceptum
505 755 675 786 insinuavit

339 806 432 841 atque
455 801 535 833 fovit
556 804 671 831 tenere.

238 861 269 891 3.
296 858 355 890 Ille
380 856 496 890 Christi
519 856 550 885 in
577 855 720 886 doctrina

340 902 458 934 studuit
482 904 655 940 tantopere,

297 948 344 980 Ut
366 958 386 979 a
409 947 528 978 cunctis
550 945 736 985 probaretur

339 997 483 1024 strenuus
507 993 540 1022 in
565 992 716 1030 dogmate.

433 1065 636 1100 Recponsoria.

240 1119 269 1151 1.
295 1118 378 1149 Dum
403 1115 569 1147 Carnotum
591 1117 765 1146 moraretur

341 1164 397 1194 ille
419 1161 481 1192 Dei
503 1159 648 1200 famulus,

296 1209 433 1240 Verbum
458 1207 523 1245 ejus
547 1206 757 1245 praedicando

342 1253 479 1286 fideliter
502 1253 617 1284 civibus

231 1302 270 1333 V.
295 1300 449 1332 Plurimos
471 1298 512 1330 ad
538 1298 653 1330 Christi
677 1296 772 1329 fidem

344 1345 497 1377 convertit
521 1344 679 1375 divinitus.

243 1404 273 1433 2.
298 1401 438 1432 Audiens
463 1400 653 1439 quorundam
678 1406 786 1430 necem

341 1447 397 1477 ille
420 1449 545 1477 sanctus
570 1445 726 1476 hominum

298 1492 493 1531 Cupiensque
513 1491 624 1522 horum
649 1491 744 1522 vitam

348 1538 445 1569 currit
468 1538 509 1569 ad
532 1537 714 1576 periculum,

233 1585 269 1616 V.
297 1585 376 1623 Quos
400 1593 420 1614 a
442 1583 555 1615 fraude
575 1583 723 1614 liberavit

345 1629 658 1662 circumvenientium.

241 1687 271 1718 3.
298 1685 375 1716 Visu
399 1693 507 1716 carens
532 1687 563 1715 et
586 1684 694 1715 auditu

344 1730 427 1762 filius
450 1730 644 1770 praedivitis,

300 1777 382 1808 Dum
405 1776 562 1816 praedicti
585 1777 717 1815 supplex
741 1776 801 1807 viri

344 1824 553 1862 praesentiam
576 1822 666 1862 adiit,

236 1869 271 1902 V.
297 1869 374 1901 Mox
396 1873 528 1909 utroque
550 1868 658 1901 morbo
684 1870 809 1907 dempto

346 1916 486 1947 decorari
509 1916 631 1946 meruit.

363 2033 410 2063 In
435 2034 467 2064 3.
492 2032 549 2063 No
560 2035 717 2067 oturno.

445 2094 636 2129 Antiphonae.

245 2143 278 2178 1.
301 2144 386 2184 Ergo
409 2150 502 2176 noete
522 2147 656 2184 quadani
678 2148 734 2179 ille

345 2191 448 2229 jussus
473 2194 520 2222 est
542 2192 581 2222 ab
606 2193 741 2232 aethere,

302 2236 348 2268 Ut
371 2236 536 2268 Carnotum
560 2239 656 2269 verba
679 2239 740 2270 Dei

347 2282 410 2313 iret
431 2282 632 2314 innotescere.

900 189 931 218 2.
959 186 1036 217 Cum
1052 185 1175 216 videret
1191 186 1335 217 claudum
1347 184 1504 225 quendam

1006 231 1075 269 ipso
1098 230 1131 261 in
1153 230 1274 269 itinere,

959 276 1057 307 Facto
1083 275 1183 305 crucis
1208 276 1295 314 signo
1317 275 1407 306 illum

1005 320 1123 352 levavit
1147 319 1186 350 de
1209 323 1357 352 stercore.

930 418 937 425 .
963 393 1033 425 Non
1056 393 1148 433 longe
1170 396 1243 432 post
1264 392 1352 423 urbis
1377 392 1480 423 dictae

1007 440 1130 471 moenia
1152 438 1327 478 ingreditur

963 486 1007 517 Et
1029 486 1161 525 benigne
1184 486 1281 517 verba
1301 484 1363 515 Dei

1009 532 1205 571 praedicavit
1229 530 1356 562 civibus.

1099 617 1303 650 Responsoria.

929 698 936 706 ,
963 674 1122 714 Quendam
1148 676 1270 712 captum
1295 674 1396 704 morte
1420 674 1486 712 eJus

1009 724 1039 751 et
1061 723 1192 751 matrem
1217 729 1235 751 a
1261 719 1410 751 daemone

962 766 1068 804 Atque
1091 774 1177 796 reum
1202 766 1267 803 ejus
1289 764 1399 796 mortis

1013 812 1170 842 detrusum
1194 811 1226 841 in
1253 818 1377 841 carcere

961 856 1032 889 Uno
1057 861 1182 888 sanctus
1204 856 1265 888 Dei
1289 860 1410 895 martyr

1008 903 1155 935 liberavit
1181 905 1339 942 tempore;

928 974 934 981 .
960 948 1042 980 Nam
1067 950 1254 980 exstinctum
1277 949 1362 980 vitae
1385 948 1476 980 dedit

1009 998 1040 1026 et
1063 1003 1149 1025 reum
1174 1004 1193 1025 a
1217 995 1345 1025 crimine

962 1041 1067 1080 Atque
1089 1044 1220 1072 matrem
1244 1039 1404 1071 interfecti

1008 1088 1145 1118 servavit
1168 1095 1188 1117 a
1211 1087 1369 1120 daemone.

928 1186 935 1192 .
961 1160 1071 1191 Virum
1093 1160 1249 1199 quendam
1271 1163 1396 1192 sanctus
1421 1160 1492 1199 Dei,

1012 1204 1167 1238 Orfacium
1193 1206 1326 1245 nomine,

963 1251 1109 1284 Graviter
1134 1260 1201 1283 cum
1226 1253 1423 1290 adspexisset

1012 1301 1188 1337 correptum
1212 1308 1232 1330 a
1257 1298 1415 1337 daemone,

928 1371 934 1377 .
960 1343 1058 1375 Facto
1083 1345 1171 1384 signo
1196 1345 1296 1375 crucis
1319 1345 1408 1376 illum

1006 1390 1156 1421 liberavit
1177 1393 1312 1422 strenue.

930 1486 937 1493 .
964 1463 988 1495 O
1013 1464 1130 1495 invicte
1153 1464 1241 1494 testis
1267 1462 1393 1502 Christi,

1008 1510 1130 1541 Emane
1155 1509 1357 1549 sanctissime,

963 1555 1080 1594 Regem
1103 1564 1210 1595 regum
1233 1556 1401 1594 interpella

1009 1609 1068 1640 pro
1091 1601 1182 1632 nobis
1206 1601 1332 1632 assidue

930 1672 937 1680 .
963 1647 1016 1687 Ut,
1043 1656 1102 1687 quo
1127 1647 1216 1687 vivis,
1244 1652 1275 1678 et
1297 1657 1354 1680 nos
1379 1650 1482 1679 tecum

1010 1693 1168 1725 valeamus
1192 1694 1307 1727 vivere.

1051 1831 1068 1864 1
1075 1841 1094 1862 n
1118 1832 1148 1863 L
1158 1840 1205 1864 au
1216 1833 1237 1864 d
1245 1833 1256 1863 i
1263 1833 1284 1863 b
1293 1842 1314 1863 u
1323 1842 1347 1865 S.

1084 1904 1130 1931 Ad
1148 1905 1330 1933 Benedictus.

933 1991 940 1999 .
965 1966 1044 2006 Ave,
1068 1970 1189 2006 martyr
1213 1967 1355 2005 gloriose,

1011 2012 1132 2043 Emane
1156 2013 1360 2051 sanctissime,

965 2058 1035 2089 Ave
1058 2066 1183 2089 consors
1208 2058 1388 2097 angelorum

1013 2106 1106 2142 atque
1131 2103 1225 2133 decus
1248 2106 1429 2147 martyrum,

966 2147 1012 2179 Ut
1034 2156 1094 2186 pro
1115 2147 1208 2178 nobis
1233 2148 1412 2186 depreceris

1012 2193 1178 2224 Dominum
1201 2194 1335 2234 assidue,

966 2238 1013 2268 Te
1035 2246 1200 2277 precamur
1222 2246 1418 2284 venerantes,

1015 2284 1192 2316 venerando
1215 2287 1382 2326 supplices,
