1656 2491
758 68 986 105 -68—

579 181 625 213 23.
662 180 697 211 In
717 176 930 210 'translatione
949 183 972 205 s.
991 171 1158 204 Benedicti.

366 261 409 291 In
436 261 465 292 1.
491 260 709 290 Nocturno.

442 321 631 356 Antiphonae.

247 389 276 421 1.
301 387 439 420 Dilectus
464 385 523 415 Dei
545 383 740 420 Munlmolus„

298 434 409 465 Pastor
432 431 533 470 gregis
557 428 721 466 Dominici,

299 478 424 509 Amicus
451 476 526 506 coeli
551 475 678 513 civibus,

301 523 345 555 Ut
369 519 552 553 transferret
574 522 606 552 in
632 520 764 552 Galliam

300 568 403 599 Patris
428 567 590 598 Benedicti
614 566 744 606 glebam,

302 612 466 644 Divinitati
489 613 616 651 placuit,

301 660 365 698 Qua
388 658 547 689 admoneri
572 658 692 689 meruit.

245 733 274 752 ·.
300 723 388 754 Inter
413 726 530 753 ceteros
554 723 657 761 igitur,

302 768 381 806 Quos
406 768 538 799 normali
560 767 690 806 imperio

302 814 452 852 Dogmate
476 812 602 844 fovebat
624 821 722 854 sacro,

303 860 433 898 Quidam
457 859 630 898 Aigulphus
654 860 785 897 nomine,

302 904 377 937 Flos
403 905 537 937 candens
561 905 764 943 innocentiae,

305 949 447 981 Pollebat
469 950 630 989 privilegio

302 995 494 1035 Disciplinae
517 996 712 1027 monasticae.

271 1084 278 1090 .
302 1060 395 1090 Hunc
417 1063 509 1097 pater
530 1059 585 1090 ille
607 1059 804 1098 Mummolus,

301 1106 347 1137 Ut
369 1106 480 1135 meruit
504 1106 627 1136 oraculo

301 1150 435 1182 Edoceri
465 1150 621 1188 divinitus,

301 1195 427 1227 Direxit
449 1196 489 1227 ad
512 1196 644 1235 italiam,

303 1242 472 1273 Beneventi
495 1242 694 1280 provinciam,

304 1288 387 1325 Quae
410 1289 483 1318 tunc
505 1287 603 1325 patris
629 1295 808 1325 corpoream

305 1332 471 1363 Retinebat
491 1333 708 1370 praesentiam.

270 1420 277 1426 .
303 1396 440 1427 Tandem
449 1397 842 1437 perveniensadoppidum,

306 1441 393 1479 Quod
417 1442 536 1472 incolae
559 1445 671 1474 vocant
689 1442 842 1482 Casinum,

307 1488 484 1518 Prostratus
498 1487 606 1518 orabat
619 1489 660 1519 ad
667 1487 842 1529 Dominum,

306 1532 364 1569 Qui
389 1532 514 1564 visionis
538 1536 645 1564 auctor
669 1532 780 1575 fuerat,

305 1578 474 1609 Monstram'
497 1579 555 1610 sibi
579 1580 699 1610 thecam
722 1580 846 1618 placeat

305 1623 454 1655 Thesauri
470 1624 526 1662 sui,
546 1633 633 1663 quem
649 1626 843 1663 promiserat.

272 1711 279 1720 .
305 1687 430 1718 Intuens
455 1697 586 1719 annosus
611 1688 699 1719 homo

303 1733 396 1764 Hunc
418 1733 631 1772 explorantem
654 1735 778 1767 sedule:

305 1778 347 1819 Si,
372 1779 483 1820 inquit,
509 1779 582 1811 fidei
605 1789 692 1812 meae

305 1825 403 1855 Tuam
426 1825 530 1863 placet
554 1827 752 1867 committere,

305 1870 384 1901 Puto
407 1879 458 1901 me
480 1871 565 1902 ocius
589 1873 665 1903 dare

304 1916 412 1947 Finem
437 1919 508 1948 tuae
530 1918 684 1949 solertiae.

272 2008 276 2012 .
304 1980 396 2011 Tanti
420 1981 531 2011 secreti
557 1982 694 2013 conscius

303 2026 363 2057 Ille
386 2034 479 2057 senex
502 2027 657 2066 angelicus

303 2071 385 2102 Huic
407 2071 523 2111 inquit:
549 2073 626 2112 vigil
648 2075 762 2106 lectulo

303 2117 407 2149 Primo
430 2118 529 2149 noctis
554 2121 734 2159 crepusculo

305 2164 477 2202 Splendore
500 2165 622 2196 notabis
645 2167 756 2209 locum,

302 2210 366 2243 Ubi
389 2211 435 2242 tui
458 2211 596 2249 reperias

303 2256 435 2288 Laboris
463 2258 658 2289 desiderium.

1025 249 1070 280 ln
1096 250 1128 281 2.
1152 247 1376 279 Nocturno.

1104 311 1296 347 Antiphonae.

904 380 934 411 1.
959 380 1117 411 Personae
1140 377 1246 408 senilis
1270 375 1364 408 fidem

959 425 1017 456 Vir
1040 424 1101 455 Dei
1124 423 1261 462 probans
1285 422 1447 461 stabilem,

962 470 1097 502 Visionis
1121 469 1282 500 historiam

962 517 1004 547 Et
1028 515 1108 547 tanti
1130 515 1248 546 laboris
1273 515 1354 545 viam

959 562 1056 593 Beato
1081 561 1147 592 seni
1172 561 1273 592 texuit

958 608 999 639 Et
1025 606 1238 646 promissionis
1262 614 1390 645 memor,

958 654 1004 686 Ut
1027 652 1125 692 fieret,
1151 652 1293 684 obtinuit.

927 744 934 751 .
962 717 1072 750 Cordis
1097 725 1202 748 amore
1227 716 1370 748 credulus

959 764 1047 796 Senis
1071 763 1326 802 promissionibus

959 810 1088 841 Noctem
1112 809 1246 850 pervigil
1271 808 1412 847 excubat,

960 855 1109 887 Precibus
1135 855 1252 886 coelum
1272 856 1427 893 penetrat,

960 902 1044 932 Hinc
1065 904 1240 932 sanctorum
1265 901 1416 939 reliquiae

962 948 1053 979 Claro
1078 949 1289 978 monstrantur
1310 946 1430 985 jubare.

928 1036 935 1043 .
961 1011 1106 1042 Nondum
1131 1011 1176 1042 sol
1200 1019 1258 1050 per
1283 1011 1387 1042 orbern
1414 1019 1486 1042 suos

962 1056 1054 1088 Coelo
1077 1055 1230 1088 fundebat
1251 1057 1367 1093 radios,

960 1102 1135 1142 Aigulphus
1161 1103 1346 1134 venerabilis

963 1148 1099 1179 Ovanter
1122 1149 1222 1179 locum
1248 1148 1335 1185 adiit,

963 1193 1056 1232 Cujus
1079 1196 1204 1225 notator
1228 1195 1341 1234 extitit,

963 1239 1123 1270 Coelorum
1147 1241 1213 1279 regi
1234 1240 1351 1278 jubilat

961 1285 1106 1326 Reperto,
1134 1287 1216 1325 quod
1239 1288 1424 1325 quaesierat.

930 1374 937 1381 .
963 1350 1020 1380 His
1044 1349 1177 1380 inventis
1201 1349 1250 1381 vir
1273 1350 1400 1381 Domini

962 1395 1061 1426 Latus
1084 1397 1226 1433 apertum
1249 1396 1345 1427 loculi

961 1440 1074 1472 Sancto
1098 1441 1243 1472 thesauro
1267 1444 1388 1481 vacuat,

964 1487 1058 1525 Quem
1083 1490 1169 1518 texta
1191 1487 1303 1525 palmis
1327 1488 1469 1527 sportula

966 1532 1113 1571 Includit,
1139 1541 1229 1572 quam
1250 1537 1427 1573 paraverat,

964 1578 1040 1609 Mox
1065 1587 1176 1617 magno
1202 1587 1270 1610 cum
1294 1580 1433 1619 tripudio

965 1623 1050 1655 Pede
1075 1623 1176 1655 fertur
1198 1627 1391 1665 retrograda

931 1712 938 1718 .
964 1689 1033 1720 Jam
1059 1690 1159 1719 securi
1183 1688 1313 1728 pacifice

964 1733 1059 1765 Fines
1081 1735 1243 1766 intrabant
1264 1736 1396 1776 patriae,

964 1780 1141 1819 insinuatur
1162 1783 1300 1821 praesuli

963 1825 1061 1857 Furto
1085 1825 1193 1858 felices
1217 1828 1348 1868 insequi,

969 1871 1102 1903 Coelesti
1124 1882 1197 1905 mox
1220 1875 1346 1906 oraculo

964 1918 1070 1949 Moras
1095 1922 1240 1951 vetantur
1260 1924 1386 1953 nectere

966 1964 1062 1995 Potiti
1087 1965 1251 1997 desiderio.

931 2052 937 2059 .
964 2027 1100 2067 Cumque
1122 2031 1256 2061 ministri
1280 2031 1415 2069 Domini,

966 2074 1177 2113 Reliquiarum
1202 2078 1310 2117 geruli,

964 2120 1010 2152 Ut
1033 2122 1161 2153 coelitus
1190 2123 1373 2164 didicerant,

967 2167 1139 2199 Romanum
1163 2177 1277 2208 papam
1301 2168 1455 2211 fugerent,

964 2212 1123 2246 Divinitas
1146 2215 1203 2246 hos
1226 2217 1373 2257 protegit,

965 2259 1080 2291 Hostes
1105 2261 1241 2294 tenebris
1266 2263 1381 2304 abigit3
