1656 2491
311 195 358 227 Ut
380 194 546 226 tenendam

355 239 423 271 fore
448 239 605 276 docuerat,

308 286 391 316 Ante
413 285 506 316 finem

356 331 437 361 scire
459 332 630 370 meruerat;

243 376 285 407 V.
310 376 393 407 Hinc
416 375 536 414 quietae

356 424 458 451 certus
482 419 658 451 transierat,

310 466 367 504 Qui
388 465 513 496 coelesti

356 511 421 550 regi
442 510 603 543 servierat,

255 587 284 617 2.
310 584 479 623 Postquam
504 582 628 614 Ceddae

355 630 410 660 lux
433 636 581 668 praesens
607 628 770 667 clauditur,

310 675 392 706 Laus
415 675 513 714 ipsius

359 730 378 751 a
400 719 493 759 plebe
518 720 646 751 canitur.

307 766 422 797 Hostes
447 765 572 796 vincens

354 811 407 841 hic
428 819 490 841 non
516 810 698 843 devincitur.

245 858 281 889 V.
307 857 362 888 Vis
385 856 541 895 unguenti,

361 901 432 932 dum
456 901 547 940 pyxis
571 899 733 942 frangitur,

313 945 440 979 Cunctis
464 948 551 984 patet

359 1001 417 1022 nec
440 992 510 1030 plus
533 991 744 1024 absconditur.

259 1067 289 1098 3.
315 1064 516 1095 occurrentes

358 1110 400 1141 ad
424 1118 493 1141 eum
515 1110 654 1149 languidi

313 1155 389 1186 Mox
414 1158 560 1186 curantur

359 1203 389 1231 et
414 1200 581 1240 epileptici,

315 1245 418 1285 Surffi,
445 1246 527 1276 caeci

359 1300 414 1322 seu
433 1291 617 1330 paralytici;

250 1337 286 1368 V.
315 1336 431 1379 Claudi,
460 1337 554 1375 curvi,

359 1382 485 1420 leprosi,
510 1382 641 1413 marcidi

313 1428 425 1460 Valent
449 1428 538 1465 huJus

361 1473 476 1504 virtute
499 1473 622 1505 medici.

379 1595 424 1626 In
450 1597 479 1628 3.
505 1595 727 1628 Nocturno.

458 1662 647 1698 Antiplionae.

260 1720 289 1751 1.
315 1718 365 1749 Ab
390 1718 517 1750 habenis
541 1721 654 1750 mortui

361 1765 469 1795 mortis
493 1765 675 1801 excitantur,

313 1809 436 1841 Furiosi
460 1810 590 1841 vinculis

364 1855 529 1887 confractis
554 1859 709 1887 sanantur.

259 1931 288 1961 2.
314 1929 356 1960 Et
381 1929 495 1961 curatis
519 1929 657 1969 languidi

363 1975 433 2006 dum
459 1976 720 2014 congratulantur,

316 2020 384 2052 Suis
409 2030 428 2052 a
450 2021 649 2060 languoribus

360 2068 465 2098 statim
489 2067 671 2100 liberantur.

258 2142 288 2173 3.
315 2140 406 2179 Aqua
430 2140 554 2173 tumbae
577 2142 705 2180 pulvere

359 2187 455 2218 mixta
480 2194 547 2217 cum
570 2190 727 2227 potantur.

313 2232 460 2265 Bibentes
484 2242 503 2264 a
526 2235 620 2265 variis

359 2280 475 2312 morbis
501 2283 719 2321 expurgantur.

866 98 1001 131 94-

1115 187 1318 222 Responsnria.

918 244 948 277 1.
974 242 1036 275 Hic
1059 242 1091 272 in
1117 249 1209 273 carne

1020 288 1127 319 vivens
1152 287 1299 331 angelice,

975 335 1105 365 Terram
1129 334 1202 364 terit

1024 387 1208 411 conversans
1234 380 1357 417 coelice,

976 425 1092 457 Christi
1116 426 1215 464 legem

1019 472 1173 502 servando
1199 471 1338 508 practice

972 517 1069 548 Plene
1093 517 1219 555 quidem

1022 564 1053 592 et
1075 570 1137 592 non
1163 561 1314 599 ecliptiee.

911 609 948 641 V.
975 608 1068 640 Unde
1091 607 1176 638 Deus

1022 661 1091 683 eum
1114 651 1246 684 mirifice

975 699 1144 731 Collocavit

1020 745 1054 775 in
1078 745 1164 775 orbis
1186 745 1285 782 apice.

918 819 948 851 2.
975 816 1099 849 Ceddae
1124 817 1224 848 sancti

1021 865 1164 893 contactu
1187 863 1281 894 loculi

971 908 1092 939 Fantur
1115 909 1202 947 muti,

1019 953 1191 985 clarescunt
1215 955 1305 992 oculi,

975 998 1091 1037 Quibus
1115 1000 1190 1030 visis

1022 1045 1177 1076 exsultant
1199 1046 1317 1083 populi.

976 1090 1091 1122 Christi
1115 1091 1192 1130 legis

1021 1136 1183 1167 tabescunt
1208 1137 1330 1168 aemuli.

911 1181 948 1212 V.
973 1181 1071 1212 Fama
1094 1183 1206 1213 transit

1020 1227 1053 1257 in
1077 1226 1155 1259 fines
1179 1228 1306 1266 saeculi,

976 1273 1064 1312 Quod
1088 1273 1134 1304 sic
1158 1272 1268 1305 florent

1024 1318 1120 1349 divini
1144 1319 1270 1352 servuli.

920 1392 950 1423 3.
976 1392 1031 1423 Pie
1055 1394 1163 1429 pastor

1026 1439 1055 1467 et
1078 1440 1170 1476 pater
1194 1438 1305 1474 ovium,

974 1483 1165 1514 Meroiorum

1023 1529 1124 1567 gregis
1150 1529 1302 1571 solatium,

976 1574 1090 1606 Contra
1115 1575 1276 1615 mundum,

1022 1628 1155 1659 carnem,
1184 1622 1387 1655 daemonium.

976 1666 1071 1698 Adsit
1093 1667 1184 1698 nobis

1023 1720 1080 1750 per
1103 1715 1135 1743 te
1160 1713 1340 1752 remedium,

911 1757 947 1787 V.
972 1758 1016 1790 Ut
1039 1756 1128 1789 finito

1024 1812 1116 1834 cursu
1138 1805 1348 1843 praesentium

976 1850 1141 1889 Capiamus

918 1894 924 1897 “
1023 1898 1183 1927 aeternum
1207 1896 1360 1928 bravium.

1071 2020 1115 2051 In
1141 2020 1368 2053 Laudibus

1122 2087 1314 2123 Antiphonae.

920 2143 950 2176 1.
978 2143 1114 2174 Claustri
1139 2144 1261 2176 clausus
1288 2153 1413 2177 carcere

1024 2187 1131 2221 Cedda
1155 2191 1369 2231 monachatur,

975 2235 1019 2267 Ut
1044 2234 1158 2266 divinis
1183 2235 1282 2268 libere
1323 2242 1329 2248 ¹

1025 2280 1146 2312 vacans
1171 2282 1220 2313 his
1245 2286 1358 2317 utatur.
