1656 2491
792 91 1022 126 „34—

398 188 443 218 In
469 189 499 219 2.
525 187 746 219 Nocturno.

480 254 668 289 Antiphonae.

282 324 312 355 1.
337 321 428 353 Hunc
452 322 588 351 sanctum
612 317 742 349 mirifice

382 366 531 398 Dominus
555 365 693 402 honorat,

336 413 430 451 Quem
452 411 575 442 virtutis
601 409 732 440 coelicae

382 456 553 495 Splendore
578 455 713 487 decorat.

280 533 310 563 2,
338 529 459 560 Clamor
482 528 665 567 intelligitur

381 574 480 612 Hujus
503 574 721 612 praesidentis,

334 620 415 650 Dum
438 619 505 650 Deo
529 619 698 658 porrigitur

380 666 460 696 Voto
483 665 555 704 piae
578 665 698 696 mentis.

279 741 310 772 3.
335 738 397 769 Hic
419 738 544 768 honoris
568 738 666 776 gloria

379 784 481 822 Digne
505 786 677 822 coronatur,

335 830 394 861 Per
419 837 508 867 quem
531 829 633 860 laudis
657 829 757 860 hostia

379 875 469 906 Nova
490 875 675 907 immolatur.

472 970 672 1004 Responsoria.

282 1037 311 1068 1.
337 1034 417 1065 Dum
441 1035 573 1065 Ammon
597 1034 797 1073 praeeligitur

382 1080 434 1111 Ad
457 1080 593 1119 regimen
615 1080 759 1119 pastoris,

335 1125 406 1156 Non
429 1125 462 1156 in
486 1134 597 1156 vanum
622 1125 750 1164 erigitur

380 1170 538 1202 Blanditia
563 1170 679 1201 favoris

338 1216 399 1247 Sed
424 1216 568 1247 humilior
591 1216 734 1247 redditur

380 1262 468 1292 Sacri
493 1262 571 1292 dono
596 1262 725 1293 timoris.

270 1308 307 1339 V.
332 1307 391 1338 Ille
414 1306 490 1338 felix
514 1308 685 1338 adstruitur

333 1353 457 1394 Rector,
481 1353 532 1391 qui
555 1362 616 1384 non
642 1354 799 1384 extollitur

381 1398 512 1437 Propter
537 1399 657 1429 culmen
681 1399 816 1431 honoris.

270 1474 301 1503 2.
328 1472 507 1502 Ammonem
530 1471 587 1502 Dei
611 1470 770 1510 famulum,

381 1517 439 1554 Qui
463 1520 566 1555 spreto
591 1517 698 1548 mundi
722 1518 796 1548 vitio

428 1563 480 1593 Ad
503 1571 638 1593 eremum
661 1564 810 1601 perrexit,

339 1608 471 1646 Dignum
497 1611 545 1639 est
566 1608 688 1639 Leucae
710 1610 857 1647 populum

383 1653 528 1685 Laudare
553 1662 620 1684 cum
644 1655 792 1695 tripudio,

428 1700 523 1738 Quem
546 1699 696 1730 Dominus
722 1700 840 1734 dilexit.

273 1746 310 1778 V.
335 1745 387 1776 Ad
411 1746 518 1775 matris
542 1745 602 1776 Dei
625 1746 747 1776 titulum

382 1791 419 1822 In
444 1791 530 1821 silvis
555 1791 665 1830 grandi
688 1792 790 1823 studio

428 1837 594 1868 Basilicam
620 1838 727 1871 erexit,

281 1912 312 1943 3.
338 1910 448 1941 Pastor
469 1910 571 1941 labem
594 1911 781 1941 haereticam

384 1956 519 1987 Cernens
544 1959 642 1987 ortam
664 1956 697 1987 in
720 1957 863 1996 gregibus

431 2000 531 2032 Curae
554 2010 627 2032 suae
652 2003 831 2045 commissis,

340 2047 400 2077 Per
424 2045 566 2078 fraudem
592 2047 775 2079 diabolicam

382 2092 507 2123 Erroris
532 2093 718 2124 novitatibus

430 2138 627 2177 simplicibus
651 2140 806 2183 immissis,

274 2185 310 2217 V.
337 2184 398 2215 Per
420 2185 582 2216 veritatem
607 2186 752 2217 coelicam

382 2230 520 2261 Reduxit
542 2232 646 2263 lumen
669 2233 822 2265 mentibus

429 2277 598 2309 Erroribus
623 2279 766 2312 dimissis,

1061 184 1105 215 In
1131 185 1161 216 3.
1187 183 1216 214 N
1228 192 1245 215 o
1257 186 1412 214 cturno.

1140 250 1330 285 Antiphonae.

942 317 973 349 1.
998 317 1081 349 Justi
1105 315 1208 347 ferens
1232 317 1356 347 titulum

1041 363 1175 393 Ammon
1199 362 1396 400 obdormivit,

998 408 1083 439 Coeli
1106 408 1339 439 tabernaculum

1042 454 1179 485 Mundus
1203 454 1352 485 introivit.

965 550 971 556 .
998 527 1109 559 Cordis
1134 527 1323 557 desiderium

1044 571 1172 603 Obtinet
1195 572 1304 602 beatus

999 617 1100 656 Super
1123 617 1212 656 regni
1236 617 1347 648 solium

1044 664 1176 695 Praesul
1200 666 1373 696 coronatus,

964 761 971 768 .
998 737 1063 768 Nos
1087 737 1126 768 ad
1151 739 1285 767 montem
1310 737 1427 776 gloriae

1042 782 1146 814 Ducat
1169 791 1226 821 per
1248 783 1441 822 Ammonem,

997 829 1054 867 Qui
1081 829 1133 859 dat
1154 829 1238 866 justo
1263 828 1382 867 gratiae

1043 874 1306 905 Benedictionem.

1134 969 1337 1004 Responsoria.

964 1058 971 1065 .
996 1035 1128 1065 Ammon
1164 1034 1286 1066 Leucae
1319 1033 1461 1073 pontifex
1492 1035 1540 1066 in-

1320 1081 1420 1120 clitus,

999 1125 1092 1164 Cujus
1116 1124 1177 1156 fuit
1200 1134 1291 1164 quam
1315 1125 1393 1157 felix
1417 1127 1526 1168 exitus,

998 1172 1035 1203 In
1060 1172 1181 1210 capella
1204 1172 1291 1202 Petri
1314 1172 1470 1210 repositus

997 1217 1209 1248 Praecessoris
1246 1220 1294 1248 est
1327 1218 1435 1249 tumba
1469 1227 1540 1250 con-

1320 1263 1419 1303 ditus3

962 1333 969 1340 .
996 1309 1056 1339 Per
1072 1308 1283 1339 Her-mannum
1304 1309 1356 1339 hic
1370 1310 1540 1341 translatus

999 1353 1179 1385 Cathedrali
1204 1352 1264 1384 fuit
1289 1354 1388 1386 datus.

964 1452 970 1460 .
996 1427 1072 1458 Post
1094 1427 1177 1458 vitae
1200 1431 1326 1459 sanctae
1348 1429 1523 1468 terminum,

998 1473 1094 1511 Quam
1118 1475 1228 1511 potens
1252 1474 1336 1512 apud
1359 1474 1526 1506 Dominum

1042 1518 1099 1557 Sit,
1125 1519 1209 1549 clare
1233 1520 1452 1558 comprobatur

998 1564 1060 1595 Per
1084 1572 1190 1595 curam
1213 1565 1452 1605 aegritudinum,

1000 1610 1132 1648 Leprae,
1160 1609 1257 1641 febris
1282 1614 1312 1641 et
1335 1612 1493 1655 luminum,

1046 1655 1130 1693 Quae
1152 1664 1210 1694 per
1234 1665 1302 1687 eum
1328 1658 1469 1690 donatur.

963 1725 971 1733 .
995 1701 1057 1732 Hic
1081 1710 1100 1732 a
1122 1700 1195 1733 filiis
1219 1702 1376 1734 hominum

1001 1746 1154 1778 Concordi
1177 1757 1252 1779 sono
1278 1750 1447 1781 carminum

1043 1793 1158 1824 Merito
1183 1796 1424 1828 commendatur.

967 1890 973 1897 .
999 1866 1047 1897 De
1071 1865 1220 1899 facultate
1243 1870 1373 1908 propria

1044 1912 1145 1952 Reges
1163 1914 1245 1945 hunc
1262 1924 1330 1946 cum
1347 1917 1542 1956 principibus

1001 1957 1077 1990 Cum
1100 1968 1211 1999 magna
1233 1963 1409 1994 reverentia

1046 2005 1213 2037 Coluerunt
1234 2008 1424 2042 muneribus.

1002 2050 1048 2082 Ut
1071 2050 1211 2083 Christus
1236 2054 1275 2084 ad
1300 2055 1447 2087 coelestia

1045 2096 1111 2127 Nos
1138 2098 1230 2129 ducat
1252 2100 1315 2131 suis
1340 2102 1496 2142 precibus,

963 2167 972 2176 .
997 2143 1156 2176 Praeclari
1182 2152 1250 2176 cum
1272 2146 1394 2178 laetitia

1045 2190 1234 2230 Devotisque
1259 2194 1458 2227 concentibus

1000 2235 1161 2267 Pontificis
1185 2239 1340 2278 magnalia

1044 2281 1221 2315 Laudemus
1246 2286 1325 2317 votis
1350 2287 1502 2322 omnibus.
