<?xml version="1.0" encoding="UTF-8"?>
<!DOCTYPE html PUBLIC "-//W3C//DTD XHTML 1.0 Transitional//EN"
    "http://www.w3.org/TR/xhtml1/DTD/xhtml1-transitional.dtd">
<html xmlns="http://www.w3.org/1999/xhtml" xml:lang="en" lang="en">
 <head>
  <title>
</title>
<meta http-equiv="Content-Type" content="text/html;charset=utf-8" />
  <meta name='ocr-system' content='tesseract 3.04.00' />
  <meta name='ocr-capabilities' content='ocr_page ocr_carea ocr_par ocr_line ocrx_word'/>
</head>
<body>
  <div class='ocr_page' id='page_1' title='image "./analectahymnica13drevuoft_00178.png"; bbox 0 0 1679 2491; ppageno 0'>
   <div class='ocr_carea' id='block_1_1' title="bbox 715 77 966 112">
    <p class='ocr_par' dir='ltr' id='par_1_1' title="bbox 715 77 966 112">
     <span class='ocr_line' id='line_1_1' title="bbox 715 77 966 112; baseline 0.004 -1"><span class='ocrx_word' id='word_1_1' title='bbox 715 96 761 102; x_wconf 81' lang='lat'>——</span> <span class='ocrx_word' id='word_1_2' title='bbox 809 77 874 112; x_wconf 84' lang='lat'>175</span> <span class='ocrx_word' id='word_1_3' title='bbox 925 97 966 101; x_wconf 92' lang='lat'>—</span> 
     </span>
    </p>
   </div>
   <div class='ocr_carea' id='block_1_2' title="bbox 659 204 1030 236">
    <p class='ocr_par' dir='ltr' id='par_1_2' title="bbox 659 204 1030 236">
     <span class='ocr_line' id='line_1_2' title="bbox 659 204 1030 236; baseline 0 -2"><span class='ocrx_word' id='word_1_4' title='bbox 659 204 705 234; x_wconf 89' lang='grc'>68.</span> <span class='ocrx_word' id='word_1_5' title='bbox 743 204 786 235; x_wconf 86' lang='lat' dir='ltr'>De</span> <span class='ocrx_word' id='word_1_6' title='bbox 805 206 908 236; x_wconf 83' lang='lat' dir='ltr'>sancto</span> <span class='ocrx_word' id='word_1_7' title='bbox 929 205 1030 236; x_wconf 84' lang='lat' dir='ltr'>Ivone.</span> 
     </span>
    </p>
   </div>
   <div class='ocr_carea' id='block_1_3' title="bbox 336 287 679 388">
    <p class='ocr_par' dir='ltr' id='par_1_3' title="bbox 336 287 679 388">
     <span class='ocr_line' id='line_1_3' title="bbox 336 287 679 328; baseline 0.012 -10"><span class='ocrx_word' id='word_1_8' title='bbox 336 287 382 318; x_wconf 89' lang='lat' dir='ltr'>In</span> <span class='ocrx_word' id='word_1_9' title='bbox 409 287 438 321; x_wconf 83' lang='lat'>1.</span> <span class='ocrx_word' id='word_1_10' title='bbox 464 289 679 328; x_wconf 87' lang='lat' dir='ltr'>Vesperis.</span> 
     </span>
     <span class='ocr_line' id='line_1_4' title="bbox 412 351 605 388; baseline 0.01 -10"><span class='ocrx_word' id='word_1_11' title='bbox 412 351 605 388; x_wconf 78' lang='lat' dir='ltr'>Antiphonae.</span> 
     </span>
    </p>
   </div>
   <div class='ocr_carea' id='block_1_4' title="bbox 212 407 686 772">
    <p class='ocr_par' dir='ltr' id='par_1_4' title="bbox 212 407 686 540">
     <span class='ocr_line' id='line_1_5' title="bbox 212 407 686 450; baseline 0.004 -10"><span class='ocrx_word' id='word_1_12' title='bbox 212 409 241 442; x_wconf 92' lang='lat'>1.</span> <span class='ocrx_word' id='word_1_13' title='bbox 269 407 388 447; x_wconf 82' lang='lat' dir='ltr'>Gaude,</span> <span class='ocrx_word' id='word_1_14' title='bbox 413 410 500 440; x_wconf 88' lang='lat' dir='ltr'>terra</span> <span class='ocrx_word' id='word_1_15' title='bbox 523 409 686 450; x_wconf 54' lang='lat' dir='ltr'>irremotae,</span> 
     </span>
     <span class='ocr_line' id='line_1_6' title="bbox 268 454 674 495; baseline 0.005 -9"><span class='ocrx_word' id='word_1_16' title='bbox 268 454 456 486; x_wconf 82' lang='lat' dir='ltr'><strong>Praesertim</strong></span> <span class='ocrx_word' id='word_1_17' title='bbox 482 455 674 495; x_wconf 80' lang='lat' dir='ltr'>Britanniae,</span> 
     </span>
     <span class='ocr_line' id='line_1_7' title="bbox 264 500 544 540; baseline 0 -8"><span class='ocrx_word' id='word_1_18' title='bbox 264 500 371 532; x_wconf 88' lang='lat' dir='ltr'>Nobili</span> <span class='ocrx_word' id='word_1_19' title='bbox 395 502 544 540; x_wconf 83' lang='lat' dir='ltr'>progenie</span> 
     </span>
    </p>

    <p class='ocr_par' dir='ltr' id='par_1_5' title="bbox 268 547 674 726">
     <span class='ocr_line' id='line_1_8' title="bbox 314 547 674 591; baseline 0.006 -14"><span class='ocrx_word' id='word_1_20' title='bbox 314 548 399 586; x_wconf 72' lang='lat' dir='ltr'>Quae</span> <span class='ocrx_word' id='word_1_21' title='bbox 425 547 513 579; x_wconf 80' lang='lat' dir='ltr'>dedit</span> <span class='ocrx_word' id='word_1_22' title='bbox 537 549 674 591; x_wconf 83' lang='lat' dir='ltr'>Ivonem,</span> 
     </span>
     <span class='ocr_line' id='line_1_9' title="bbox 268 593 665 626; baseline 0.003 -1"><span class='ocrx_word' id='word_1_23' title='bbox 268 593 314 625; x_wconf 76' lang='lat' dir='ltr'>Ut,</span> <span class='ocrx_word' id='word_1_24' title='bbox 336 593 436 625; x_wconf 84' lang='lat' dir='ltr'>bonus</span> <span class='ocrx_word' id='word_1_25' title='bbox 464 593 531 625; x_wconf 78' lang='lat' dir='ltr'>fons</span> <span class='ocrx_word' id='word_1_26' title='bbox 554 595 665 626; x_wconf 67' lang='lat' dir='ltr'>xivulis</span> 
     </span>
     <span class='ocr_line' id='line_1_10' title="bbox 269 638 663 680; baseline 0.005 -10"><span class='ocrx_word' id='word_1_27' title='bbox 269 638 389 670; x_wconf 86' lang='lat' dir='ltr'>Fundit</span> <span class='ocrx_word' id='word_1_28' title='bbox 413 649 509 679; x_wconf 84' lang='lat' dir='ltr'>aquas</span> <span class='ocrx_word' id='word_1_29' title='bbox 534 641 663 680; x_wconf 88' lang='lat' dir='ltr'>singulis</span> 
     </span>
     <span class='ocr_line' id='line_1_11' title="bbox 269 686 611 726; baseline 0.006 -10"><span class='ocrx_word' id='word_1_30' title='bbox 269 686 307 717; x_wconf 84' lang='lat' dir='ltr'>In</span> <span class='ocrx_word' id='word_1_31' title='bbox 331 687 463 717; x_wconf 80' lang='lat' dir='ltr'>salutem</span> <span class='ocrx_word' id='word_1_32' title='bbox 486 687 611 726; x_wconf 85' lang='lat' dir='ltr'>populis</span> 
     </span>
    </p>

    <p class='ocr_par' dir='ltr' id='par_1_6' title="bbox 313 731 682 772">
     <span class='ocr_line' id='line_1_12' title="bbox 313 731 682 772; baseline 0.003 -8"><span class='ocrx_word' id='word_1_33' title='bbox 313 731 357 764; x_wconf 77' lang='lat' dir='ltr'>Et</span> <span class='ocrx_word' id='word_1_34' title='bbox 379 733 464 764; x_wconf 83' lang='lat' dir='ltr'>vitae</span> <span class='ocrx_word' id='word_1_35' title='bbox 486 741 682 772; x_wconf 79' lang='lat' dir='ltr'>praeconem.</span> 
     </span>
    </p>
   </div>
   <div class='ocr_carea' id='block_1_5' title="bbox 214 788 677 1144">
    <p class='ocr_par' dir='ltr' id='par_1_7' title="bbox 214 788 627 912">
     <span class='ocr_line' id='line_1_13' title="bbox 214 788 618 820; baseline 0 -1"><span class='ocrx_word' id='word_1_36' title='bbox 214 790 244 820; x_wconf 87' lang='lat'>2.</span> <span class='ocrx_word' id='word_1_37' title='bbox 269 788 481 820; x_wconf 87' lang='lat' dir='ltr'>Adhaerendo</span> <span class='ocrx_word' id='word_1_38' title='bbox 506 788 618 820; x_wconf 88' lang='lat' dir='ltr'>studiis</span> 
     </span>
     <span class='ocr_line' id='line_1_14' title="bbox 271 833 593 874; baseline -0.003 -8"><span class='ocrx_word' id='word_1_39' title='bbox 271 833 436 866; x_wconf 90' lang='lat' dir='ltr'>Consortes</span> <span class='ocrx_word' id='word_1_40' title='bbox 461 834 593 874; x_wconf 76' lang='lat' dir='ltr'>ingeniis</span> 
     </span>
     <span class='ocr_line' id='line_1_15' title="bbox 270 879 627 912; baseline 0.006 -2"><span class='ocrx_word' id='word_1_41' title='bbox 270 879 467 912; x_wconf 80' lang='lat' dir='ltr'>Praecedens</span> <span class='ocrx_word' id='word_1_42' title='bbox 489 881 627 912; x_wconf 75' lang='lat' dir='ltr'>scientiis</span> 
     </span>
    </p>

    <p class='ocr_par' dir='ltr' id='par_1_8' title="bbox 272 926 677 1097">
     <span class='ocr_line' id='line_1_16' title="bbox 315 926 627 966; baseline -0.006 -7"><span class='ocrx_word' id='word_1_43' title='bbox 315 926 478 959; x_wconf 76' lang='lat' dir='ltr'>Perfectus</span> <span class='ocrx_word' id='word_1_44' title='bbox 502 927 627 966; x_wconf 77' lang='lat' dir='ltr'>reluxit,</span> 
     </span>
     <span class='ocr_line' id='line_1_17' title="bbox 272 973 673 1013; baseline 0 -9"><span class='ocrx_word' id='word_1_45' title='bbox 272 973 456 1013; x_wconf 88' lang='lat' dir='ltr'>Pauperum,</span> <span class='ocrx_word' id='word_1_46' title='bbox 483 973 673 1013; x_wconf 89' lang='lat' dir='ltr'>pupillorum</span> 
     </span>
     <span class='ocr_line' id='line_1_18' title="bbox 273 1019 677 1059; baseline 0 -8"><span class='ocrx_word' id='word_1_47' title='bbox 273 1019 388 1051; x_wconf 79' lang='lat' dir='ltr'>Causas</span> <span class='ocrx_word' id='word_1_48' title='bbox 414 1021 445 1050; x_wconf 77' lang='lat' dir='ltr'>et</span> <span class='ocrx_word' id='word_1_49' title='bbox 469 1019 677 1059; x_wconf 81' lang='lat' dir='ltr'>orphanorum</span> 
     </span>
     <span class='ocr_line' id='line_1_19' title="bbox 275 1065 643 1097; baseline -0.003 0"><span class='ocrx_word' id='word_1_50' title='bbox 275 1065 381 1097; x_wconf 79' lang='lat' dir='ltr'>Gratis</span> <span class='ocrx_word' id='word_1_51' title='bbox 407 1067 438 1097; x_wconf 81' lang='lat' dir='ltr'>et</span> <span class='ocrx_word' id='word_1_52' title='bbox 460 1067 643 1097; x_wconf 86' lang='lat' dir='ltr'>miserorum</span> 
     </span>
    </p>

    <p class='ocr_par' dir='ltr' id='par_1_9' title="bbox 318 1112 622 1144">
     <span class='ocr_line' id='line_1_20' title="bbox 318 1112 622 1144; baseline 0 -1"><span class='ocrx_word' id='word_1_53' title='bbox 318 1112 499 1143; x_wconf 81' lang='lat' dir='ltr'>Advocatus</span> <span class='ocrx_word' id='word_1_54' title='bbox 526 1112 622 1144; x_wconf 83' lang='lat' dir='ltr'>duxit.</span> 
     </span>
    </p>
   </div>
   <div class='ocr_carea' id='block_1_6' title="bbox 217 1166 765 1632">
    <p class='ocr_par' dir='ltr' id='par_1_10' title="bbox 217 1166 765 1291">
     <span class='ocr_line' id='line_1_21' title="bbox 217 1166 765 1207; baseline 0 -7"><span class='ocrx_word' id='word_1_55' title='bbox 217 1169 249 1200; x_wconf 81' lang='lat'>3.</span> <span class='ocrx_word' id='word_1_56' title='bbox 276 1167 351 1198; x_wconf 72' lang='lat' dir='ltr'>Post</span> <span class='ocrx_word' id='word_1_57' title='bbox 373 1167 451 1198; x_wconf 82' lang='lat' dir='ltr'>haec</span> <span class='ocrx_word' id='word_1_58' title='bbox 474 1166 577 1199; x_wconf 82' lang='lat' dir='ltr'>factus</span> <span class='ocrx_word' id='word_1_59' title='bbox 599 1168 765 1207; x_wconf 74' lang='lat' dir='ltr'>presbyter</span> 
     </span>
     <span class='ocr_line' id='line_1_22' title="bbox 279 1213 568 1245; baseline 0 0"><span class='ocrx_word' id='word_1_60' title='bbox 279 1213 411 1245; x_wconf 77' lang='lat' dir='ltr'>Curatus</span> <span class='ocrx_word' id='word_1_61' title='bbox 435 1213 568 1245; x_wconf 88' lang='lat' dir='ltr'>viriliter</span> 
     </span>
     <span class='ocr_line' id='line_1_23' title="bbox 275 1259 563 1291; baseline -0.003 0"><span class='ocrx_word' id='word_1_62' title='bbox 275 1259 478 1291; x_wconf 80' lang='lat' dir='ltr'>Parochianis</span> <span class='ocrx_word' id='word_1_63' title='bbox 501 1261 563 1291; x_wconf 78' lang='lat' dir='ltr'>iter</span> 
     </span>
    </p>

    <p class='ocr_par' dir='ltr' id='par_1_11' title="bbox 272 1306 746 1531">
     <span class='ocr_line' id='line_1_24' title="bbox 320 1306 578 1345; baseline 0 -8"><span class='ocrx_word' id='word_1_64' title='bbox 320 1306 435 1337; x_wconf 77' lang='lat' dir='ltr'>Docuit</span> <span class='ocrx_word' id='word_1_65' title='bbox 458 1306 578 1345; x_wconf 86' lang='lat' dir='ltr'>salutis,</span> 
     </span>
     <span class='ocr_line' id='line_1_25' title="bbox 274 1351 551 1384; baseline -0.004 -1"><span class='ocrx_word' id='word_1_66' title='bbox 274 1351 551 1384; x_wconf 81' lang='lat' dir='ltr'>Procurationibus</span> 
     </span>
     <span class='ocr_line' id='line_1_26' title="bbox 272 1398 596 1439; baseline 0.006 -11"><span class='ocrx_word' id='word_1_67' title='bbox 272 1398 315 1429; x_wconf 84' lang='lat' dir='ltr'>Et</span> <span class='ocrx_word' id='word_1_68' title='bbox 341 1398 596 1439; x_wconf 72' lang='lat' dir='ltr'>confessionibus,</span> 
     </span>
     <span class='ocr_line' id='line_1_27' title="bbox 273 1445 731 1485; baseline 0.002 -10"><span class='ocrx_word' id='word_1_69' title='bbox 273 1445 390 1485; x_wconf 86' lang='lat' dir='ltr'>Missis,</span> <span class='ocrx_word' id='word_1_70' title='bbox 416 1452 450 1476; x_wconf 90' lang='lat' dir='ltr'>se</span> <span class='ocrx_word' id='word_1_71' title='bbox 476 1445 552 1477; x_wconf 89' lang='lat' dir='ltr'>dans</span> <span class='ocrx_word' id='word_1_72' title='bbox 578 1446 731 1483; x_wconf 85' lang='lat' dir='ltr'>omnibus,</span> 
     </span>
     <span class='ocr_line' id='line_1_28' title="bbox 319 1491 746 1531; baseline 0.002 -8"><span class='ocrx_word' id='word_1_73' title='bbox 319 1491 476 1531; x_wconf 84' lang='lat' dir='ltr'>Spernens</span> <span class='ocrx_word' id='word_1_74' title='bbox 500 1500 633 1531; x_wconf 81' lang='lat' dir='ltr'>poenam</span> <span class='ocrx_word' id='word_1_75' title='bbox 657 1492 746 1524; x_wconf 79' lang='lat' dir='ltr'>cutiS.</span> 
     </span>
    </p>

    <p class='ocr_par' dir='ltr' id='par_1_12' title="bbox 218 1547 620 1588">
     <span class='ocr_line' id='line_1_29' title="bbox 218 1547 620 1588; baseline -0.002 -9"><span class='ocrx_word' id='word_1_76' title='bbox 218 1549 249 1579; x_wconf 90' lang='lat'>4.</span> <span class='ocrx_word' id='word_1_77' title='bbox 276 1547 349 1579; x_wconf 83' lang='lat' dir='ltr'>Ibat</span> <span class='ocrx_word' id='word_1_78' title='bbox 373 1547 441 1586; x_wconf 89' lang='lat' dir='ltr'>ipse</span> <span class='ocrx_word' id='word_1_79' title='bbox 464 1547 620 1588; x_wconf 80' lang='lat' dir='ltr'>pedester,</span> 
     </span>
    </p>

    <p class='ocr_par' dir='ltr' id='par_1_13' title="bbox 276 1594 727 1632">
     <span class='ocr_line' id='line_1_30' title="bbox 276 1594 727 1632; baseline -0.002 -7"><span class='ocrx_word' id='word_1_80' title='bbox 276 1594 421 1632; x_wconf 77' lang='lat' dir='ltr'>Quamvis</span> <span class='ocrx_word' id='word_1_81' title='bbox 446 1596 553 1632; x_wconf 81' lang='lat' dir='ltr'>posset</span> <span class='ocrx_word' id='word_1_82' title='bbox 575 1597 727 1632; x_wconf 82' lang='lat' dir='ltr'>equester,</span> 
     </span>
    </p>
   </div>
   <div class='ocr_carea' id='block_1_7' title="bbox 271 1639 697 1725">
    <p class='ocr_par' dir='ltr' id='par_1_14' title="bbox 271 1639 697 1725">
     <span class='ocr_line' id='line_1_31' title="bbox 271 1639 697 1672; baseline -0.005 0"><span class='ocrx_word' id='word_1_83' title='bbox 271 1640 417 1672; x_wconf 87' lang='lat' dir='ltr'>Edocens</span> <span class='ocrx_word' id='word_1_84' title='bbox 441 1640 556 1672; x_wconf 86' lang='lat' dir='ltr'>librum</span> <span class='ocrx_word' id='word_1_85' title='bbox 579 1639 697 1672; x_wconf 78' lang='lat' dir='ltr'>Esther</span> 
     </span>
     <span class='ocr_line' id='line_1_32' title="bbox 320 1686 614 1725; baseline -0.007 -6"><span class='ocrx_word' id='word_1_86' title='bbox 320 1687 395 1719; x_wconf 90' lang='lat' dir='ltr'>Cum</span> <span class='ocrx_word' id='word_1_87' title='bbox 420 1686 490 1718; x_wconf 83' lang='lat' dir='ltr'>aliis</span> <span class='ocrx_word' id='word_1_88' title='bbox 514 1686 614 1725; x_wconf 86' lang='lat' dir='ltr'>bonis,</span> 
     </span>
    </p>
   </div>
   <div class='ocr_carea' id='block_1_8' title="bbox 274 1733 769 1773">
    <p class='ocr_par' dir='ltr' id='par_1_15' title="bbox 274 1733 769 1773">
     <span class='ocr_line' id='line_1_33' title="bbox 274 1733 769 1773; baseline -0.002 -9"><span class='ocrx_word' id='word_1_89' title='bbox 274 1733 335 1764; x_wconf 89' lang='lat' dir='ltr'>Per</span> <span class='ocrx_word' id='word_1_90' title='bbox 358 1736 463 1771; x_wconf 81' lang='lat' dir='ltr'>partes</span> <span class='ocrx_word' id='word_1_91' title='bbox 488 1734 534 1764; x_wconf 90' lang='lat' dir='ltr'>sic</span> <span class='ocrx_word' id='word_1_92' title='bbox 555 1736 629 1764; x_wconf 84' lang='lat' dir='ltr'>sunt</span> <span class='ocrx_word' id='word_1_93' title='bbox 652 1736 769 1773; x_wconf 82' lang='lat' dir='ltr'>gentes,</span> 
     </span>
    </p>
   </div>
   <div class='ocr_carea' id='block_1_9' title="bbox 219 1778 688 2288">
    <p class='ocr_par' dir='ltr' id='par_1_16' title="bbox 273 1778 650 1910">
     <span class='ocr_line' id='line_1_34' title="bbox 274 1778 619 1812; baseline -0.003 -2"><span class='ocrx_word' id='word_1_94' title='bbox 274 1778 380 1812; x_wconf 83' lang='lat' dir='ltr'>Senes.</span> <span class='ocrx_word' id='word_1_95' title='bbox 406 1779 619 1811; x_wconf 81' lang='lat' dir='ltr'>adolescentes</span> 
     </span>
     <span class='ocr_line' id='line_1_35' title="bbox 273 1824 650 1857; baseline -0.005 0"><span class='ocrx_word' id='word_1_96' title='bbox 273 1824 393 1857; x_wconf 80' lang='lat' dir='ltr'>Crudes</span> <span class='ocrx_word' id='word_1_97' title='bbox 417 1824 494 1856; x_wconf 78' lang='lat' dir='ltr'>facti</span> <span class='ocrx_word' id='word_1_98' title='bbox 515 1824 650 1856; x_wconf 80' lang='lat' dir='ltr'>coelibes</span> 
     </span>
     <span class='ocr_line' id='line_1_36' title="bbox 319 1871 619 1910; baseline -0.003 -7"><span class='ocrx_word' id='word_1_99' title='bbox 319 1871 480 1910; x_wconf 82' lang='lat' dir='ltr'>Exemplis</span> <span class='ocrx_word' id='word_1_100' title='bbox 504 1872 619 1903; x_wconf 77' lang='lat' dir='ltr'>lvonis.</span> 
     </span>
    </p>

    <p class='ocr_par' dir='ltr' id='par_1_17' title="bbox 219 1925 637 2061">
     <span class='ocr_line' id='line_1_37' title="bbox 219 1925 620 1961; baseline -0.007 0"><span class='ocrx_word' id='word_1_101' title='bbox 219 1931 248 1961; x_wconf 87' lang='lat'>5.</span> <span class='ocrx_word' id='word_1_102' title='bbox 276 1929 352 1960; x_wconf 82' lang='lat' dir='ltr'>Post</span> <span class='ocrx_word' id='word_1_103' title='bbox 375 1928 452 1959; x_wconf 83' lang='lat' dir='ltr'>haec</span> <span class='ocrx_word' id='word_1_104' title='bbox 476 1925 620 1959; x_wconf 85' lang='lat' dir='ltr'>officialis</span> 
     </span>
     <span class='ocr_line' id='line_1_38' title="bbox 272 1973 637 2013; baseline -0.008 -6"><span class='ocrx_word' id='word_1_105' title='bbox 272 1974 346 2008; x_wconf 87' lang='lat' dir='ltr'>Fuit</span> <span class='ocrx_word' id='word_1_106' title='bbox 371 1973 460 2006; x_wconf 89' lang='lat' dir='ltr'>bonis</span> <span class='ocrx_word' id='word_1_107' title='bbox 487 1977 518 2005; x_wconf 83' lang='lat' dir='ltr'>et</span> <span class='ocrx_word' id='word_1_108' title='bbox 536 1973 637 2013; x_wconf 75' lang='lat' dir='ltr'>malis,</span> 
     </span>
     <span class='ocr_line' id='line_1_39' title="bbox 273 2021 611 2061; baseline -0.009 -8"><span class='ocrx_word' id='word_1_109' title='bbox 273 2022 324 2054; x_wconf 85' lang='lat' dir='ltr'>Ita</span> <span class='ocrx_word' id='word_1_110' title='bbox 347 2024 516 2061; x_wconf 83' lang='lat' dir='ltr'>gratusque</span> <span class='ocrx_word' id='word_1_111' title='bbox 539 2021 611 2051; x_wconf 86' lang='lat' dir='ltr'>talis</span> 
     </span>
    </p>

    <p class='ocr_par' dir='ltr' id='par_1_18' title="bbox 272 2066 688 2241">
     <span class='ocr_line' id='line_1_40' title="bbox 318 2066 688 2108; baseline -0.008 -8"><span class='ocrx_word' id='word_1_112' title='bbox 318 2068 486 2108; x_wconf 78' lang='lat' dir='ltr'>Nunquam</span> <span class='ocrx_word' id='word_1_113' title='bbox 510 2066 570 2099; x_wconf 78' lang='lat' dir='ltr'>fuit</span> <span class='ocrx_word' id='word_1_114' title='bbox 593 2067 688 2106; x_wconf 85' lang='lat' dir='ltr'>visus,</span> 
     </span>
     <span class='ocr_line' id='line_1_41' title="bbox 272 2114 609 2153; baseline -0.009 -6"><span class='ocrx_word' id='word_1_115' title='bbox 272 2114 434 2148; x_wconf 81' lang='lat' dir='ltr'>Exhibens</span> <span class='ocrx_word' id='word_1_116' title='bbox 455 2114 609 2153; x_wconf 83' lang='lat' dir='ltr'>justitiam</span> 
     </span>
     <span class='ocr_line' id='line_1_42' title="bbox 273 2160 602 2201; baseline -0.009 -7"><span class='ocrx_word' id='word_1_117' title='bbox 273 2161 409 2194; x_wconf 85' lang='lat' dir='ltr'>Cuilibet,</span> <span class='ocrx_word' id='word_1_118' title='bbox 432 2160 602 2201; x_wconf 82' lang='lat' dir='ltr'>propriam,</span> 
     </span>
     <span class='ocr_line' id='line_1_43' title="bbox 272 2208 633 2241; baseline -0.008 -1"><span class='ocrx_word' id='word_1_119' title='bbox 272 2208 419 2241; x_wconf 86' lang='lat' dir='ltr'>Sedando</span> <span class='ocrx_word' id='word_1_120' title='bbox 446 2208 633 2240; x_wconf 82' lang='lat' dir='ltr'>discordiam</span> 
     </span>
    </p>

    <p class='ocr_par' dir='ltr' id='par_1_19' title="bbox 319 2254 644 2288">
     <span class='ocr_line' id='line_1_44' title="bbox 319 2254 644 2288; baseline -0.009 0"><span class='ocrx_word' id='word_1_121' title='bbox 319 2256 414 2288; x_wconf 73' lang='lat' dir='ltr'>Rixas</span> <span class='ocrx_word' id='word_1_122' title='bbox 440 2255 527 2287; x_wconf 77' lang='lat' dir='ltr'>rixus</span> <span class='ocrx_word' id='word_1_123' title='bbox 552 2254 644 2288; x_wconf 89' lang='lat' dir='ltr'>tollit.</span> 
     </span>
    </p>
   </div>
   <div class='ocr_carea' id='block_1_10' title="bbox 873 292 910 323">
    <p class='ocr_par' dir='ltr' id='par_1_20' title="bbox 873 292 910 323">
     <span class='ocr_line' id='line_1_45' title="bbox 873 292 910 323; baseline -0.027 0"><span class='ocrx_word' id='word_1_124' title='bbox 873 292 910 323; x_wconf 89' lang='lat' dir='ltr'>R.</span> 
     </span>
    </p>
   </div>
   <div class='ocr_carea' id='block_1_11' title="bbox 874 844 910 875">
    <p class='ocr_par' dir='ltr' id='par_1_21' title="bbox 874 844 910 875">
     <span class='ocr_line' id='line_1_46' title="bbox 874 844 910 875; baseline 0 0"><span class='ocrx_word' id='word_1_125' title='bbox 874 844 910 875; x_wconf 89' lang='lat' dir='ltr'>V.</span> 
     </span>
    </p>
   </div>
   <div class='ocr_carea' id='block_1_12' title="bbox 874 1131 912 1161">
    <p class='ocr_par' dir='ltr' id='par_1_22' title="bbox 874 1131 912 1161">
     <span class='ocr_line' id='line_1_47' title="bbox 874 1131 912 1161; baseline -0.026 0"><span class='ocrx_word' id='word_1_126' title='bbox 874 1131 912 1161; x_wconf 91' lang='lat' dir='ltr'>A.</span> 
     </span>
    </p>
   </div>
   <div class='ocr_carea' id='block_1_13' title="bbox 937 292 1482 1014">
    <p class='ocr_par' dir='ltr' id='par_1_23' title="bbox 939 292 1416 330">
     <span class='ocr_line' id='line_1_48' title="bbox 939 292 1416 330; baseline -0.008 -6"><span class='ocrx_word' id='word_1_127' title='bbox 939 293 1010 330; x_wconf 88' lang='lat' dir='ltr'>Vas,</span> <span class='ocrx_word' id='word_1_128' title='bbox 1038 292 1212 324; x_wconf 81' lang='lat' dir='ltr'>consolator</span> <span class='ocrx_word' id='word_1_129' title='bbox 1234 298 1416 330; x_wconf 83' lang='lat' dir='ltr'>pauperum,</span> 
     </span>
    </p>

    <p class='ocr_par' dir='ltr' id='par_1_24' title="bbox 938 337 1349 423">
     <span class='ocr_line' id='line_1_49' title="bbox 938 337 1349 370; baseline -0.005 -1"><span class='ocrx_word' id='word_1_130' title='bbox 938 338 1058 370; x_wconf 85' lang='lat' dir='ltr'>Blando</span> <span class='ocrx_word' id='word_1_131' title='bbox 1084 346 1213 369; x_wconf 86' lang='lat' dir='ltr'>vacuum</span> <span class='ocrx_word' id='word_1_132' title='bbox 1237 337 1349 368; x_wconf 90' lang='lat' dir='ltr'>iterum</span> 
     </span>
     <span class='ocr_line' id='line_1_50' title="bbox 983 383 1292 423; baseline -0.003 -8"><span class='ocrx_word' id='word_1_133' title='bbox 983 384 1112 416; x_wconf 87' lang='lat' dir='ltr'>Plenum</span> <span class='ocrx_word' id='word_1_134' title='bbox 1136 383 1292 423; x_wconf 81' lang='lat' dir='ltr'>reperisti,</span> 
     </span>
    </p>

    <p class='ocr_par' dir='ltr' id='par_1_25' title="bbox 938 429 1449 469">
     <span class='ocr_line' id='line_1_51' title="bbox 938 429 1449 469; baseline 0 -9"><span class='ocrx_word' id='word_1_135' title='bbox 938 429 1097 462; x_wconf 84' lang='lat' dir='ltr'>Ducentos</span> <span class='ocrx_word' id='word_1_136' title='bbox 1119 438 1176 469; x_wconf 78' lang='lat' dir='ltr'>per</span> <span class='ocrx_word' id='word_1_137' title='bbox 1196 433 1318 468; x_wconf 82' lang='lat' dir='ltr'>tempus</span> <span class='ocrx_word' id='word_1_138' title='bbox 1343 437 1449 460; x_wconf 82' lang='lat' dir='ltr'>carum</span> 
     </span>
    </p>

    <p class='ocr_par' dir='ltr' id='par_1_26' title="bbox 942 476 1426 561">
     <span class='ocr_line' id='line_1_52' title="bbox 942 476 1426 514; baseline 0 -7"><span class='ocrx_word' id='word_1_139' title='bbox 942 476 1099 514; x_wconf 81' lang='lat' dir='ltr'>Pauperes</span> <span class='ocrx_word' id='word_1_140' title='bbox 1123 480 1209 507; x_wconf 87' lang='lat' dir='ltr'>stans</span> <span class='ocrx_word' id='word_1_141' title='bbox 1235 478 1266 506; x_wconf 86' lang='lat' dir='ltr'>et</span> <span class='ocrx_word' id='word_1_142' title='bbox 1289 484 1426 507; x_wconf 74' lang='lat' dir='ltr'>amarum</span> 
     </span>
     <span class='ocr_line' id='line_1_53' title="bbox 983 521 1282 561; baseline 0 -9"><span class='ocrx_word' id='word_1_143' title='bbox 983 521 1092 561; x_wconf 84' lang='lat' dir='ltr'>Tuque</span> <span class='ocrx_word' id='word_1_144' title='bbox 1118 522 1282 560; x_wconf 77' lang='lat' dir='ltr'>replevisti</span> 
     </span>
    </p>

    <p class='ocr_par' dir='ltr' id='par_1_27' title="bbox 940 567 1400 607">
     <span class='ocr_line' id='line_1_54' title="bbox 940 567 1400 607; baseline -0.002 -8"><span class='ocrx_word' id='word_1_145' title='bbox 940 567 1065 607; x_wconf 83' lang='lat' dir='ltr'>Septem</span> <span class='ocrx_word' id='word_1_146' title='bbox 1090 568 1223 607; x_wconf 85' lang='lat' dir='ltr'>panibus</span> <span class='ocrx_word' id='word_1_147' title='bbox 1248 567 1400 607; x_wconf 89' lang='lat' dir='ltr'>solidatis,</span> 
     </span>
    </p>

    <p class='ocr_par' dir='ltr' id='par_1_28' title="bbox 942 613 1482 692">
     <span class='ocr_line' id='line_1_55' title="bbox 942 613 1482 653; baseline -0.002 -8"><span class='ocrx_word' id='word_1_148' title='bbox 942 613 1016 645; x_wconf 90' lang='lat' dir='ltr'>Cum</span> <span class='ocrx_word' id='word_1_149' title='bbox 1040 624 1102 646; x_wconf 92' lang='lat' dir='ltr'>non</span> <span class='ocrx_word' id='word_1_150' title='bbox 1128 617 1231 645; x_wconf 85' lang='lat' dir='ltr'>essent</span> <span class='ocrx_word' id='word_1_151' title='bbox 1254 617 1375 645; x_wconf 81' lang='lat' dir='ltr'>centum</span> <span class='ocrx_word' id='word_1_152' title='bbox 1397 614 1482 653; x_wconf 80' lang='lat' dir='ltr'>satis,</span> 
     </span>
     <span class='ocr_line' id='line_1_56' title="bbox 984 660 1366 692; baseline 0 0"><span class='ocrx_word' id='word_1_153' title='bbox 984 660 1046 692; x_wconf 88' lang='lat' dir='ltr'>Per</span> <span class='ocrx_word' id='word_1_154' title='bbox 1070 660 1215 691; x_wconf 86' lang='lat' dir='ltr'>virtutem</span> <span class='ocrx_word' id='word_1_155' title='bbox 1242 660 1366 692; x_wconf 85' lang='lat' dir='ltr'>Christi.</span> 
     </span>
    </p>

    <p class='ocr_par' dir='ltr' id='par_1_29' title="bbox 940 706 1366 745">
     <span class='ocr_line' id='line_1_57' title="bbox 940 706 1366 745; baseline 0 -8"><span class='ocrx_word' id='word_1_156' title='bbox 940 706 1004 741; x_wconf 85' lang='lat' dir='ltr'>lvo,</span> <span class='ocrx_word' id='word_1_157' title='bbox 1030 715 1086 737; x_wconf 88' lang='lat' dir='ltr'>nos</span> <span class='ocrx_word' id='word_1_158' title='bbox 1111 706 1163 745; x_wconf 85' lang='lat' dir='ltr'>qui</span> <span class='ocrx_word' id='word_1_159' title='bbox 1185 709 1256 737; x_wconf 82' lang='lat' dir='ltr'>tuae</span> <span class='ocrx_word' id='word_1_160' title='bbox 1280 706 1366 737; x_wconf 83' lang='lat' dir='ltr'>laudi</span> 
     </span>
    </p>

    <p class='ocr_par' dir='ltr' id='par_1_30' title="bbox 938 752 1383 837">
     <span class='ocr_line' id='line_1_58' title="bbox 938 752 1383 793; baseline 0.002 -11"><span class='ocrx_word' id='word_1_161' title='bbox 938 752 1140 793; x_wconf 81' lang='lat' dir='ltr'>Adsistimns,</span> <span class='ocrx_word' id='word_1_162' title='bbox 1166 760 1247 783; x_wconf 83' lang='lat' dir='ltr'>nunc</span> <span class='ocrx_word' id='word_1_163' title='bbox 1271 752 1383 784; x_wconf 83' lang='lat' dir='ltr'>exaudi</span> 
     </span>
     <span class='ocr_line' id='line_1_59' title="bbox 984 797 1316 837; baseline 0 -9"><span class='ocrx_word' id='word_1_164' title='bbox 984 797 1077 829; x_wconf 73' lang='lat' dir='ltr'>Tales</span> <span class='ocrx_word' id='word_1_165' title='bbox 1103 807 1163 829; x_wconf 88' lang='lat' dir='ltr'>non</span> <span class='ocrx_word' id='word_1_166' title='bbox 1187 798 1316 837; x_wconf 85' lang='lat' dir='ltr'>liquisti,</span> 
     </span>
    </p>

    <p class='ocr_par' dir='ltr' id='par_1_31' title="bbox 937 843 1367 882">
     <span class='ocr_line' id='line_1_60' title="bbox 937 843 1367 882; baseline 0 -8"><span class='ocrx_word' id='word_1_167' title='bbox 937 843 980 875; x_wconf 88' lang='lat' dir='ltr'>Ut</span> <span class='ocrx_word' id='word_1_168' title='bbox 1005 844 1090 874; x_wconf 80' lang='lat' dir='ltr'>Deus</span> <span class='ocrx_word' id='word_1_169' title='bbox 1113 852 1170 875; x_wconf 86' lang='lat' dir='ltr'>nos</span> <span class='ocrx_word' id='word_1_170' title='bbox 1195 847 1250 875; x_wconf 69' lang='lat' dir='ltr'>tut.</span> <span class='ocrx_word' id='word_1_171' title='bbox 1272 851 1367 882; x_wconf 83' lang='lat' dir='ltr'>prece</span> 
     </span>
    </p>

    <p class='ocr_par' dir='ltr' id='par_1_32' title="bbox 938 889 1321 921">
     <span class='ocr_line' id='line_1_61' title="bbox 938 889 1321 921; baseline 0 -1"><span class='ocrx_word' id='word_1_172' title='bbox 938 889 1069 921; x_wconf 88' lang='lat' dir='ltr'>Liberos</span> <span class='ocrx_word' id='word_1_173' title='bbox 1094 892 1221 921; x_wconf 84' lang='lat' dir='ltr'>aeterna</span> <span class='ocrx_word' id='word_1_174' title='bbox 1244 898 1321 921; x_wconf 77' lang='lat' dir='ltr'>nece</span> 
     </span>
    </p>

    <p class='ocr_par' dir='ltr' id='par_1_33' title="bbox 942 935 1323 1014">
     <span class='ocr_line' id='line_1_62' title="bbox 942 935 1323 967; baseline 0 0"><span class='ocrx_word' id='word_1_175' title='bbox 942 935 1027 967; x_wconf 86' lang='lat' dir='ltr'>Coeli</span> <span class='ocrx_word' id='word_1_176' title='bbox 1052 936 1120 967; x_wconf 89' lang='lat' dir='ltr'>sedi</span> <span class='ocrx_word' id='word_1_177' title='bbox 1144 936 1212 967; x_wconf 87' lang='lat' dir='ltr'>sine</span> <span class='ocrx_word' id='word_1_178' title='bbox 1236 935 1323 967; x_wconf 78' lang='lat' dir='ltr'>faece</span> 
     </span>
     <span class='ocr_line' id='line_1_63' title="bbox 984 981 1240 1014; baseline -0.004 0"><span class='ocrx_word' id='word_1_179' title='bbox 984 981 1099 1014; x_wconf 81' lang='lat' dir='ltr'>Jubeat,</span> <span class='ocrx_word' id='word_1_180' title='bbox 1121 982 1240 1014; x_wconf 82' lang='lat' dir='ltr'>adsisti.</span> 
     </span>
    </p>
   </div>
   <div class='ocr_carea' id='block_1_14' title="bbox 1061 1073 1299 1108">
    <p class='ocr_par' dir='ltr' id='par_1_34' title="bbox 1061 1073 1299 1108">
     <span class='ocr_line' id='line_1_64' title="bbox 1061 1073 1299 1108; baseline 0 -8"><span class='ocrx_word' id='word_1_181' title='bbox 1061 1073 1105 1101; x_wconf 88' lang='lat' dir='ltr'>Ad</span> <span class='ocrx_word' id='word_1_182' title='bbox 1123 1073 1299 1108; x_wconf 74' lang='lat' dir='ltr'>Magnificat.</span> 
     </span>
    </p>
   </div>
   <div class='ocr_carea' id='block_1_15' title="bbox 939 1129 1485 1577">
    <p class='ocr_par' dir='ltr' id='par_1_35' title="bbox 939 1129 1485 1261">
     <span class='ocr_line' id='line_1_65' title="bbox 941 1129 1485 1169; baseline 0.004 -9"><span class='ocrx_word' id='word_1_183' title='bbox 941 1129 1033 1161; x_wconf 86' lang='lat' dir='ltr'>Ultra</span> <span class='ocrx_word' id='word_1_184' title='bbox 1046 1138 1136 1169; x_wconf 78' lang='lat' dir='ltr'>quam</span> <span class='ocrx_word' id='word_1_185' title='bbox 1155 1130 1217 1161; x_wconf 85' lang='lat' dir='ltr'>dici</span> <span class='ocrx_word' id='word_1_186' title='bbox 1232 1133 1345 1169; x_wconf 80' lang='lat' dir='ltr'>potest,</span> <span class='ocrx_word' id='word_1_187' title='bbox 1363 1129 1485 1162; x_wconf 90' lang='lat' dir='ltr'>felicius</span> 
     </span>
     <span class='ocr_line' id='line_1_66' title="bbox 939 1175 1328 1216; baseline 0 -9"><span class='ocrx_word' id='word_1_188' title='bbox 939 1176 1055 1207; x_wconf 79' lang='lat' dir='ltr'>Beatus</span> <span class='ocrx_word' id='word_1_189' title='bbox 1080 1175 1246 1216; x_wconf 79' lang='lat' dir='ltr'>confessor,</span> <span class='ocrx_word' id='word_1_190' title='bbox 1272 1176 1328 1207; x_wconf 80' lang='lat' dir='ltr'>Ivo</span> 
     </span>
     <span class='ocr_line' id='line_1_67' title="bbox 941 1222 1116 1261; baseline -0.011 -7"><span class='ocrx_word' id='word_1_191' title='bbox 941 1222 1116 1261; x_wconf 84' lang='lat' dir='ltr'>HaeloriuS,</span> 
     </span>
    </p>

    <p class='ocr_par' dir='ltr' id='par_1_36' title="bbox 943 1268 1349 1308">
     <span class='ocr_line' id='line_1_68' title="bbox 943 1268 1349 1308; baseline 0 -9"><span class='ocrx_word' id='word_1_192' title='bbox 943 1268 1035 1299; x_wconf 76' lang='lat' dir='ltr'>Coelo</span> <span class='ocrx_word' id='word_1_193' title='bbox 1059 1269 1174 1308; x_wconf 75' lang='lat' dir='ltr'>gaudet</span> <span class='ocrx_word' id='word_1_194' title='bbox 1197 1269 1349 1307; x_wconf 87' lang='lat' dir='ltr'>superius,</span> 
     </span>
    </p>

    <p class='ocr_par' dir='ltr' id='par_1_37' title="bbox 943 1314 1343 1399">
     <span class='ocr_line' id='line_1_69' title="bbox 943 1314 1343 1352; baseline -0.003 -7"><span class='ocrx_word' id='word_1_195' title='bbox 943 1314 1001 1352; x_wconf 71' lang='lat' dir='ltr'>Qui</span> <span class='ocrx_word' id='word_1_196' title='bbox 1026 1323 1150 1345; x_wconf 81' lang='lat' dir='ltr'>carnem</span> <span class='ocrx_word' id='word_1_197' title='bbox 1173 1316 1343 1346; x_wconf 81' lang='lat' dir='ltr'>maceravit</span> 
     </span>
     <span class='ocr_line' id='line_1_70' title="bbox 944 1361 1105 1399; baseline 0.006 -8"><span class='ocrx_word' id='word_1_198' title='bbox 944 1361 1105 1399; x_wconf 65' lang='lat' dir='ltr'>Asperius,</span> 
     </span>
    </p>

    <p class='ocr_par' dir='ltr' id='par_1_38' title="bbox 942 1406 1311 1492">
     <span class='ocr_line' id='line_1_71' title="bbox 942 1406 1311 1445; baseline 0.003 -8"><span class='ocrx_word' id='word_1_199' title='bbox 942 1407 1099 1445; x_wconf 78' lang='lat' dir='ltr'>Pauperes</span> <span class='ocrx_word' id='word_1_200' title='bbox 1125 1406 1311 1438; x_wconf 80' lang='lat' dir='ltr'>confortavit</span> 
     </span>
     <span class='ocr_line' id='line_1_72' title="bbox 945 1453 1122 1492; baseline -0.006 -7"><span class='ocrx_word' id='word_1_201' title='bbox 945 1453 1122 1492; x_wconf 87' lang='lat' dir='ltr'>BenigniuS,</span> 
     </span>
    </p>

    <p class='ocr_par' dir='ltr' id='par_1_39' title="bbox 941 1499 1395 1577">
     <span class='ocr_line' id='line_1_73' title="bbox 941 1499 1395 1540; baseline 0.002 -10"><span class='ocrx_word' id='word_1_202' title='bbox 941 1500 1018 1530; x_wconf 82' lang='lat' dir='ltr'>Ideo</span> <span class='ocrx_word' id='word_1_203' title='bbox 1043 1508 1111 1530; x_wconf 86' lang='lat' dir='ltr'>cum</span> <span class='ocrx_word' id='word_1_204' title='bbox 1138 1499 1261 1532; x_wconf 83' lang='lat' dir='ltr'>Christo</span> <span class='ocrx_word' id='word_1_205' title='bbox 1286 1503 1395 1540; x_wconf 81' lang='lat' dir='ltr'>regnat</span> 
     </span>
     <span class='ocr_line' id='line_1_74' title="bbox 942 1545 1124 1577; baseline 0.005 -1"><span class='ocrx_word' id='word_1_206' title='bbox 942 1545 1124 1577; x_wconf 88' lang='lat' dir='ltr'>Laureatus.</span> 
     </span>
    </p>
   </div>
   <div class='ocr_carea' id='block_1_16' title="bbox 1008 1685 1354 1716">
    <p class='ocr_par' dir='ltr' id='par_1_40' title="bbox 1008 1685 1354 1716">
     <span class='ocr_line' id='line_1_75' title="bbox 1008 1685 1354 1716; baseline 0 -1"><span class='ocrx_word' id='word_1_207' title='bbox 1008 1686 1068 1716; x_wconf 90' lang='lat' dir='ltr'>Ad</span> <span class='ocrx_word' id='word_1_208' title='bbox 1094 1685 1354 1716; x_wconf 86' lang='lat' dir='ltr'>Matutinum.</span> 
     </span>
    </p>
   </div>
   <div class='ocr_carea' id='block_1_17' title="bbox 1077 1759 1290 1786">
    <p class='ocr_par' dir='ltr' id='par_1_41' title="bbox 1077 1759 1290 1786">
     <span class='ocr_line' id='line_1_76' title="bbox 1077 1759 1290 1786; baseline -0.009 -1"><span class='ocrx_word' id='word_1_209' title='bbox 1077 1759 1290 1786; x_wconf 79' lang='lat' dir='ltr'>Invitatorium.</span> 
     </span>
    </p>
   </div>
   <div class='ocr_carea' id='block_1_18' title="bbox 944 1823 1486 1996">
    <p class='ocr_par' dir='ltr' id='par_1_42' title="bbox 944 1823 1486 1911">
     <span class='ocr_line' id='line_1_77' title="bbox 944 1823 1361 1856; baseline 0 -1"><span class='ocrx_word' id='word_1_210' title='bbox 944 1825 1120 1856; x_wconf 82' lang='lat' dir='ltr'>Adoremus</span> <span class='ocrx_word' id='word_1_211' title='bbox 1145 1827 1175 1854; x_wconf 88' lang='lat' dir='ltr'>et</span> <span class='ocrx_word' id='word_1_212' title='bbox 1199 1823 1361 1855; x_wconf 79' lang='lat' dir='ltr'>laudemus</span> 
     </span>
     <span class='ocr_line' id='line_1_78' title="bbox 989 1870 1486 1911; baseline -0.002 -9"><span class='ocrx_word' id='word_1_213' title='bbox 989 1870 1154 1909; x_wconf 80' lang='lat' dir='ltr'>Christum,</span> <span class='ocrx_word' id='word_1_214' title='bbox 1183 1878 1287 1909; x_wconf 85' lang='lat' dir='ltr'>regem</span> <span class='ocrx_word' id='word_1_215' title='bbox 1313 1871 1486 1911; x_wconf 86' lang='lat' dir='ltr'>Dominum,</span> 
     </span>
    </p>

    <p class='ocr_par' dir='ltr' id='par_1_43' title="bbox 944 1917 1450 1996">
     <span class='ocr_line' id='line_1_79' title="bbox 944 1917 1450 1955; baseline 0.002 -8"><span class='ocrx_word' id='word_1_216' title='bbox 944 1917 1000 1955; x_wconf 77' lang='lat' dir='ltr'>Qui</span> <span class='ocrx_word' id='word_1_217' title='bbox 1029 1917 1186 1948; x_wconf 87' lang='lat' dir='ltr'>doctorem</span> <span class='ocrx_word' id='word_1_218' title='bbox 1211 1920 1242 1947; x_wconf 86' lang='lat' dir='ltr'>et.</span> <span class='ocrx_word' id='word_1_219' title='bbox 1264 1925 1450 1955; x_wconf 81' lang='lat' dir='ltr'>praeconem</span> 
     </span>
     <span class='ocr_line' id='line_1_80' title="bbox 988 1964 1385 1996; baseline -0.003 0"><span class='ocrx_word' id='word_1_220' title='bbox 988 1964 1116 1996; x_wconf 86' lang='lat' dir='ltr'>Ivonem</span> <span class='ocrx_word' id='word_1_221' title='bbox 1142 1964 1196 1995; x_wconf 87' lang='lat' dir='ltr'>dat</span> <span class='ocrx_word' id='word_1_222' title='bbox 1219 1964 1385 1995; x_wconf 87' lang='lat' dir='ltr'>hominum.</span> 
     </span>
    </p>
   </div>
   <div class='ocr_carea' id='block_1_19' title="bbox 1132 2055 1234 2083">
    <p class='ocr_par' dir='ltr' id='par_1_44' title="bbox 1132 2055 1234 2083">
     <span class='ocr_line' id='line_1_81' title="bbox 1132 2055 1234 2083; baseline -0.02 0"><span class='ocrx_word' id='word_1_223' title='bbox 1132 2055 1219 2083; x_wconf 81' lang='lat' dir='ltr'>Aliud</span> <span class='ocrx_word' id='word_1_224' title='bbox 1228 2065 1234 2081; x_wconf 72' lang='grc' dir='ltr'><strong>ε</strong></span> 
     </span>
    </p>
   </div>
   <div class='ocr_carea' id='block_1_20' title="bbox 941 2112 1401 2291">
    <p class='ocr_par' dir='ltr' id='par_1_45' title="bbox 941 2112 1401 2291">
     <span class='ocr_line' id='line_1_82' title="bbox 941 2112 1334 2155; baseline 0.005 -12"><span class='ocrx_word' id='word_1_225' title='bbox 941 2112 1088 2155; x_wconf 84' lang='lat' dir='ltr'>Aeterno,</span> <span class='ocrx_word' id='word_1_226' title='bbox 1115 2121 1188 2144; x_wconf 90' lang='lat' dir='ltr'>vero</span> <span class='ocrx_word' id='word_1_227' title='bbox 1212 2115 1243 2144; x_wconf 88' lang='lat' dir='ltr'>et</span> <span class='ocrx_word' id='word_1_228' title='bbox 1263 2113 1334 2145; x_wconf 89' lang='lat' dir='ltr'>vivo</span> 
     </span>
     <span class='ocr_line' id='line_1_83' title="bbox 989 2159 1348 2199; baseline 0.006 -9"><span class='ocrx_word' id='word_1_229' title='bbox 989 2159 1056 2190; x_wconf 89' lang='lat' dir='ltr'>Deo</span> <span class='ocrx_word' id='word_1_230' title='bbox 1081 2160 1200 2199; x_wconf 80' lang='lat' dir='ltr'>regenti</span> <span class='ocrx_word' id='word_1_231' title='bbox 1225 2161 1348 2192; x_wconf 88' lang='lat' dir='ltr'>saecula</span> 
     </span>
     <span class='ocr_line' id='line_1_84' title="bbox 942 2205 1401 2247; baseline 0.004 -11"><span class='ocrx_word' id='word_1_232' title='bbox 942 2205 1125 2245; x_wconf 83' lang='lat' dir='ltr'>Jubilemus,</span> <span class='ocrx_word' id='word_1_233' title='bbox 1150 2214 1207 2246; x_wconf 86' lang='lat' dir='ltr'>per</span> <span class='ocrx_word' id='word_1_234' title='bbox 1232 2216 1321 2247; x_wconf 88' lang='lat' dir='ltr'>quem</span> <span class='ocrx_word' id='word_1_235' title='bbox 1346 2207 1401 2239; x_wconf 91' lang='lat' dir='ltr'>Ivo</span> 
     </span>
     <span class='ocr_line' id='line_1_85' title="bbox 992 2253 1328 2291; baseline 0.003 -6"><span class='ocrx_word' id='word_1_236' title='bbox 992 2253 1146 2291; x_wconf 84' lang='lat' dir='ltr'>Operatur</span> <span class='ocrx_word' id='word_1_237' title='bbox 1170 2253 1328 2287; x_wconf 86' lang='lat' dir='ltr'>miracula.</span> 
     </span>
    </p>
   </div>
  </div>
 </body>
</html>
