1656 2491
708 56 960 91 *120*

403 154 603 190 Responsoria.

233 239 238 244 .
264 215 345 245 Puer
367 212 476 243 beatus
501 209 632 248 cingitur

311 258 364 289 Ad
388 265 507 288 carnem
533 253 649 285 chorda
673 251 759 289 dura,

265 304 513 340 Adolescensque
537 298 675 337 sequitur

311 349 485 380 Sermonum
514 343 629 376 Christi
648 344 719 382 J'ura

263 394 473 431 Familiaeque
496 390 631 422 traditur

308 439 365 470 Pia
389 438 488 469 forma
511 444 628 472 secura,

218 486 236 517 ’.
262 485 323 515 Per
347 492 436 522 quam
460 482 544 514 Deus
569 481 718 511 excolitur

264 530 308 561 Et
330 529 486 568 proximus
513 527 651 566 diligitur

309 575 483 606 Intentione
508 580 595 613 pura.

234 668 241 675 .
267 643 376 675 Carnis
398 643 529 674 horrens
553 641 681 672 delicias

313 689 419 720 Cilicio
443 689 583 722 vestitur,

267 734 384 773 Corpus
409 733 503 765 sentit
525 731 680 772 angustias

311 780 461 818 Amictus.
488 779 558 809 dum
583 777 711 816 sopitur,

268 825 320 856 Sic
344 828 374 857 et
396 834 453 864 per
476 823 677 855 abstinentias

312 873 331 903 J
335 871 428 910 ejunii
451 870 602 909 nutritur3

220 917 240 949 Υ.
266 917 357 948 Joeos
378 916 497 955 spernit
520 918 552 945 et
574 914 698 953 nuptias

266 962 309 993 Et
331 962 446 993 saeculi
468 960 540 992 blan
545 960 646 997 ditias.

311 1008 393 1039 Dum
419 1007 532 1038 Christi
560 1014 635 1036 crux
659 1004 803 1037 ambitur.

235 1100 241 1107 .
267 1076 482 1114 Desponsatur
505 1074 667 1113 virginitas

311 1122 348 1154 In
371 1123 469 1152 matre
493 1120 667 1159 salvatoris

267 1168 303 1198 In
327 1170 432 1198 sancto
457 1165 554 1206 fulget
576 1164 706 1203 puritas,

314 1212 492 1250 conjugium
518 1210 651 1250 honoriS‚

269 1258 321 1289 Sic
343 1262 374 1289 et
396 1256 537 1296 perfecta
561 1256 685 1287 castitas

312 1304 384 1334 Vim
406 1302 552 1334 vendicat
575 1301 697 1333 amoris.

235 1373 242 1380 .
267 1349 336 1387 Cor,
362 1352 474 1388 gestus,
500 1357 567 1386 vox,
593 1347 736 1377 activitas

270 1395 331 1426 Per
355 1396 464 1425 cuncta
486 1396 593 1425 tenent
615 1393 738 1423 semitas

313 1439 451 1479 Virginei
472 1439 610 1478 pudoris.

332 1563 377 1594 In
401 1564 432 1594 2.
458 1564 681 1595 Nocturno.

411 1629 600 1665 Antiphonae.

238 1712 244 1718 .
272 1686 380 1718 Cordis
405 1687 505 1724 signat
527 1685 678 1717 laetitiam

314 1732 423 1764 Sereni
445 1731 548 1763 vultus
572 1732 685 1771 lumen,

268 1778 347 1810 Nam
370 1777 515 1809 mundam
540 1777 758 1808 conscientiam

315 1824 381 1856 Sibi
405 1824 458 1855 dat
483 1822 599 1855 Christi
621 1831 743 1854 numen.

238 1922 243 1927 .
267 1897 371 1929 Verba
393 1897 529 1936 percipit
551 1897 676 1928 auribus

314 1943 358 1974 Et
380 1951 550 1981 pauperum
575 1944 748 1981 clamorem,

269 1987 402 2025 Quorum
425 1987 659 2019 necessitatibus

315 2034 355 2065 Se
380 2033 434 2065 dat
456 2034 699 2066 intercessorem.

238 2129 245 2137 .
269 2105 387 2145 Honor,
412 2114 535 2145 corona,
560 2107 659 2145 gloria

317 2150 493 2184 Confessori
516 2152 617 2191 beato,

268 2197 329 2230 Dei
352 2196 578 2236 magnificentia

315 2244 368 2275 Ad
393 2243 493 2275 coelos
518 2244 648 2278 elevato.

1064 145 1267 179 Responsoria.

871 204 902 236 1.
927 202 983 235 Vir
1007 200 1096 239 lenis„
1121 201 1215 239 mitis,
1240 198 1364 231 humilis

973 247 1013 279 Se
1038 247 1152 277 clamat
1174 248 1372 283 peccatorem

924 293 1044 332 Dulcis,
1072 292 1213 330 blandus,
1240 289 1373 321 affabilis

972 339 1039 371 Nec
1064 337 1198 376 despicit
1219 337 1370 367 minorem

924 386 1163 424 Egenorumque
1186 382 1309 422 pabulis

974 431 1015 463 Se
1037 429 1170 470 praebet
1192 429 1392 466 servitorem3

859 479 899 510 V.
923 477 1079 516 Leprosos
1103 477 1212 507 lavans
1237 474 1350 505 osculis

924 522 1045 554 Mulcet
1068 523 1229 559 cultusque
1252 519 1366 551 nobilis

970 568 1011 600 Se
1039 569 1191 599 monstrat
1216 567 1470 604 contemptorem.

868 641 900 671 2.
926 638 982 669 Vir
1005 638 1109 669 rectus
1134 645 1154 667 a
1175 635 1297 674 justitia

973 684 1043 715 Non
1067 682 1154 714 novit
1179 681 1346 719 declinare,

925 731 1033 768 Amor,
1057 728 1114 767 vis,
1139 736 1259 765 manue,
1284 727 1357 758 odia

972 775 1065 806 Hunc
1088 776 1245 812 nequeunt
1268 772 1405 810 turbare,

927 821 979 853 Sic
1002 818 1143 860 perfecta
1163 819 1283 858 judicia

971 865 1117 899 Perfecte
1139 865 1201 896 scit
1223 873 1346 902 amare,

860 913 898 944 V.
924 914 1039 945 {Iuncta
1060 911 1276 943 misericordia

925 959 1146 990 Damnatorum
1177 956 1333 996 supplicia

971 1004 1113 1036 Docebat
1138 1003 1313 1042 deplorare.

869 1074 901 1105 3.
928 1073 1073 1106 Caritatis
1097 1072 1241 1103 incendio

972 1118 1110 1150 Salutem
1134 1118 1306 1148 animarum

927 1164 1038 1195 Verbis
1062 1163 1129 1194 sitit
1153 1166 1183 1194 et
1207 1163 1320 1203 studio,

972 1209 1099 1241 Viribus
1121 1208 1337 1247 medullarum,

927 1256 1012 1287 Hinc
1034 1254 1118 1286 nullo
1143 1257 1254 1293 pensat
1276 1253 1389 1293 pretio,

971 1301 1060 1340 Quod
1083 1301 1217 1332 mundus
1241 1300 1337 1332 habet
1357 1308 1476 1331 earum.

863 1348 901 1380 V.
926 1348 1009 1378 Hinc
1031 1347 1102 1385 pius
1125 1347 1159 1377 in
1182 1346 1328 1385 obsequio

926 1393 1042 1433 Egenis
1066 1392 1102 1424 fit
1126 1392 1241 1423 auxilio

973 1438 1138 1476 Plenisque
1160 1439 1349 1476 viperamm.

993 1562 1038 1593 In
1063 1564 1094 1594 3.
1119 1561 1346 1593 Nocturuo.

1074 1628 1265 1664 Antiphonae.

874 1686 905 1718 1.
930 1686 967 1716 in
991 1688 1095 1717 monte
1119 1686 1186 1716 sine
1209 1685 1330 1717 macula

977 1732 1100 1770 Quievit
1123 1731 1288 1773 castitatis,

931 1778 1014 1809 Hine
1037 1777 1099 1808 Dei
1120 1777 1324 1809 tabernacula

977 1823 1108 1855 Habitat
1132 1832 1199 1854 cum
1223 1824 1333 1855 beatis

873 1899 905 1929 2.
930 1897 1054 1929 Invenit
1076 1900 1132 1928 tua
1156 1897 1286 1929 dextera

977 1943 1101 1981 Omnes,
1125 1943 1179 1982 qui
1201 1945 1234 1973 te
1257 1943 1401 1984 oderunt,

934 1988 1059 2020 Cunctis
1084 1988 1157 2020 dum
1181 1989 1277 2020 donat
1299 1997 1437 2028 munera,

978 2035 1036 2072 Qui
1060 2034 1143 2065 mala
1165 2034 1224 2065 tibi
1247 2038 1409 2073 quaerunt.

877 2109 908 2140 3.
935 2107 1044 2138 Cordis
1068 2107 1186 2138 habens
1209 2108 1395 2139 munditiam

978 2152 1023 2184 Et
1044 2161 1168 2184 manum
1191 2153 1387 2185 innocentem

933 2198 1085 2230 Ascendit
1108 2199 1220 2230 montis
1245 2199 1374 2239 gloriam

981 2243 1118 2276 Terrena
1143 2247 1425 2281 transcendentem.
