1656 2491
731 43 981 78 —232——

254 169 262 177 .
287 144 399 177 Dulcia
424 143 536 176 dantur
560 140 674 173 famina

286 192 390 230 Atque
412 190 579 221 miscentur
602 187 715 224 oscula,

289 238 427 269 Glofiam
452 234 573 267 Christo
595 233 726 265 Domino

287 284 351 315 Dat
373 282 463 313 simul
490 283 555 311 tota
579 279 694 311 concio.

233 360 244 372 ι
257 363 264 371 .
289 339 382 370 Dolet
404 335 563 368 Amandus
584 332 726 373 pontifex

289 386 327 416 In
350 383 449 415 sancti
472 381 562 419 hujus
586 379 704 419 funere,

288 430 337 461 De
360 438 417 469 quo
442 427 576 467 gaudent
601 426 680 458 coeli
703 426 785 457 cives

293 475 415 515 Nosque
442 474 592 506 laetamur
615 472 780 511 supplices.

426 537 626 572 Responsoria.

258 610 265 617 .
294 585 423 617 Florent
445 584 516 616 altis
540 582 705 614 virtutibus

292 631 450 663 Amandus
476 633 507 660 et
528 629 694 661 Severinus

291 678 328 709 In
351 676 428 708 urbe
451 674 668 715 Burdigalensi

292 723 378 754 Nulli
401 723 538 760 priomm
561 720 699 752 secundi.

260 795 267 802 .
293 768 440 801 Precibus
466 767 582 798 coelum
605 769 767 805 penetrant

295 816 340 847 Et
361 814 409 845 sui
432 814 533 852 gregis

294 862 466 899 Augmento
490 858 671 897 tripudiant.

262 941 269 947 .
293 916 433 946 Devotae
456 913 566 944 mentis
590 913 690 943 animo

294 959 416 992 Nobilis
439 959 527 998 plebs
551 958 741 996 Burdigalae

292 1005 462 1038 Benedicat
484 1004 605 1036 Christo
629 1004 695 1035 Deo

292 1052 336 1083 Et
356 1051 440 1082 beati
463 1049 601 1081 Severini

297 1097 482 1129 Collaetetur
506 1095 660 1127 solemniis

295 1143 372 1181 Ejus
395 1141 527 1173 subnixa
548 1141 676 1171 meritis.

262 1213 269 1220 ,
291 1188 434 1219 Exsultet
457 1187 550 1218 laude
574 1186 724 1224 condigna

299 1233 404 1265 Sancti
427 1233 517 1271 hujus
540 1232 725 1271 praesentia.

266 1313 272 1320 .
298 1289 399 1319 Adest
423 1288 488 1319 dies
511 1287 680 1318 laetissima

298 1335 335 1365 In
357 1334 436 1365 tanti
459 1333 557 1373 patris
581 1333 689 1372 gloria,

298 1381 363 1418 Qua
385 1380 526 1417 spiritum
551 1378 690 1410 reddidit
714 1377 835 1409 Olm'sto

299 1426 374 1458 Cum
397 1425 574 1464 angelorum
598 1424 720 1463 gaudio.

265 1494 272 1502 ,
297 1471 442 1502 Exsultet
463 1471 551 1508 plebs
575 1470 762 1508 Burdigalae

298 1517 358 1548 Pro
380 1517 458 1548 tanti
481 1516 579 1554 patris
603 1515 709 1555 gloria.

363 1608 408 1638 In
433 1609 464 1640 3.
489 1607 711 1638 Noeturno.

440 1669 628 1704 Antiphonae.

269 1745 276 1751 .
301 1718 445 1749 Salvatur
465 1717 555 1756 plebs
578 1717 765 1756 Burdigalae

303 1766 332 1796 A
358 1763 505 1795 Gotorum
528 1763 614 1803 gravi
639 1766 749 1802 turma,

303 1810 383 1848 Quos
407 1809 558 1840 subvertit
582 1813 704 1840 sanctus
728 1809 787 1840 iste

300 1855 397 1886 Tristi
421 1854 545 1887 confuso
571 1855 685 1887 dolore.

245 1916 252 1926 ⁵
269 1937 275 1943 .
300 1910 415 1941 Divina
435 1909 525 1949 ,iubet
546 1911 647 1948 pietas

302 1956 456 1988 Imbribus
479 1957 575 1996 rigari
598 1961 707 1995 terras,

302 2003 377 2034 Orat
400 2004 522 2033 sanctus
546 2011 602 2041 pro
626 2003 748 2044 populo,

297 2048 398 2080 Datur
421 2049 571 2079 serenitas
595 2049 691 2080 coelo.

246 2106 264 2137 3
271 2130 278 2136 .
304 2103 445 2135 Gloriosa
469 2103 663 2143 Christicola,

303 2148 489 2181 Adstantem
511 2150 633 2189 plebem
655 2149 777 2189 robora,

304 2196 349 2229 Ut
374 2195 495 2227 Christo
519 2196 584 2227 Deo
608 2196 730 2235 placeat

300 2243 337 2274 In
359 2250 439 2281 pace
462 2243 575 2282 <legens
598 2246 747 2283 tempora.

893 182 923 215 1.

901 654 929 685 ΕΟ

888 836 924 867 V.

888 984 919 1015 3.

1085 131 1287 168 Responsoria.

948 181 1023 214 Dies
1047 180 1212 212 versantur
1235 178 1337 210 animo

946 229 985 261 In
1010 226 1111 258 sancti
1133 225 1226 263 hujus
1247 223 1357 263 jubilo,

947 273 1022 306 Cum
1047 272 1195 305 Gotorum
1216 278 1326 310 graves
1351 271 1471 299 turmae

949 320 1076 351 Vallant
1099 326 1202 349 muros
1227 315 1426 355 Burdigalae,

953 366 1033 404 Quas
1058 364 1212 397 subvertit
1239 363 1332 403 digna
1353 369 1449 400 prece

950 412 1114 445 Severinus
1140 410 1262 443 Christo
1289 409 1375 440 duce.

950 458 1116 491 Offendunt
1141 458 1244 488 hostes
1269 454 1366 486 amari

952 505 1099 537 Sanctum
1121 502 1248 535 Domini
1271 500 1427 533 servulum

952 551 1129 590 Hastasque
1151 549 1277 580 vibrant
1299 547 1418 588 rigidas

952 598 988 629 Iu
1014 605 1048 628 se-
1069 604 1201 635 suasque
1226 597 1375 625 catervas.

957 652 1075 685 Imbres
1101 649 1271 682 funduntur
1295 649 1404 680 tumidi

952 697 1075 730 Judieio
1100 697 1209 727 summi
1232 696 1302 734 Dei,

953 745 1027 776 Orat
1054 745 1176 774 sanctus
1199 751 1257 781 pro
1277 741 1404 781 pupulo,

951 790 1053 821 Datur
1077 788 1227 819 serenitas
1253 788 1347 819 coelo.

951 835 1115 874 Supplices
1141 833 1245 865 fundit
1267 834 1397 873 gemitus

954 881 1051 912 Totus
1072 881 1104 911 in
1129 889 1223 911 unum
1246 880 1390 919 populus,

954 926 998 959 Ut
1021 927 1148 965 adjuvet
1170 925 1344 958 Severinus.

946 982 1059 1014 Sancte
1081 984 1172 1021 pater
1195 981 1352 1019 Severinc,

954 1027 1078 1059 Nostris
1102 1027 1247 1067 precibus
1271 1026 1399 1057 intende

953 1073 997 1105 Et
1018 1082 1077 1112 pro
1099 1073 1190 1104 nobis
1213 1081 1290 1112 roga
1313 1072 1423 1111 Deum,

956 1119 1014 1157 Qui
1037 1121 1068 1149 te
1091 1119 1180 1150 nobis
1206 1119 1362 1150 constituit

954 1165 1121 1196 Doctorem
1145 1168 1236 1203 atque
1259 1167 1434 1203 patronum.

920 1234 927 1241 .
953 1211 1088 1242 Subleva
1109 1219 1165 1242 nos

999 1257 1060 1287 tuis
1086 1255 1359 1287 intercessionibus

957 1303 1040 1333 Ante
1062 1303 1147 1340 pium

1000 1348 1125 1380 Domini
1151 1351 1357 1387 conspectum.

1048 1422 1064 1453 I
1072 1431 1092 1452 n
1116 1422 1143 1453 L
1152 1432 1172 1454 a
1180 1431 1201 1452 u
1212 1422 1231 1453 d
1239 1422 1251 1453 i
1260 1422 1280 1452 b
1289 1432 1311 1453 u
1319 1431 1343 1454 s.

1100 1475 1288 1512 Antiphonae.

924 1546 931 1553 .
956 1522 1014 1554 Vir
1036 1523 1152 1554 virtute
1174 1523 1337 1563 mirabilis,

957 1569 1122 1601 Severinus
1148 1569 1348 1609 Coloniensis‚

959 1614 1026 1645 Deo
1052 1615 1182 1647 dilectus
1207 1621 1238 1646 et
1261 1616 1445 1657 hominibus,

960 1660 1045 1692 Coeli
1065 1662 1190 1699 junctus
1216 1664 1263 1693 est
1286 1663 1413 1694 civibus.

925 1739 934 1746 .
959 1716 1060 1755 Huius
1083 1716 1173 1748 nobis
1196 1718 1346 1749 memoria

958 1763 996 1794 In
1019 1762 1286 1795 benedictionibus
1309 1763 1375 1804 fiat,

960 1808 1055 1847 Quem
1078 1810 1109 1840 in
1136 1813 1302 1848 conspectu
1325 1811 1480 1843 hominum

962 1854 1101 1886 Christus
1123 1855 1208 1887 Deus
1231 1856 1420 1897 magnificat.

926 1934 934 1943 ,
960 1911 1166 1949 Respleuduit
1188 1912 1349 1952 prodigiis,

960 1956 1072 1987 Verbis
1095 1960 1234 1989 monstra
1258 1961 1457 2000 compescuit,

960 2002 1126 2034 Benedixit
1147 2013 1204 2042 per
1228 2006 1330 2038 omnia

961 2048 1125 2080 Dominum
1148 2050 1181 2081 in
1205 2051 1258 2083 via
1280 2061 1345 2086 sua.

926 2130 934 2137 .
959 2104 997 2135 In
1019 2107 1181 2144 augmento
1206 2105 1281 2138 boni
1304 2110 1407 2149 gregis

960 2150 1027 2182 Deo
1051 2151 1169 2183 lucrum
1194 2155 1376 2195 reportavit,

963 2197 1056 2235 Cujus
1081 2206 1202 2230 crucem
1228 2199 1396 2238 bajulando

962 2243 1087 2276 Gaudet
1110 2248 1274 2278 coronatus
1297 2249 1396 2282 lauro.
