1656 2491
767 88 1027 122 —244—

290 208 297 215 .
323 182 406 213 Deus
433 185 571 215 sanctum

369 238 456 260 suum
478 229 663 269 mirificavit,

326 276 420 314 Quem
444 275 591 307 victorem

368 322 400 352 in
426 323 517 353 coelis
543 321 710 355 coronavit.

291 402 298 410 .
323 377 424 409 Patris
435 378 505 409 dum
515 378 713 409 crebrescunt
720 378 871 417 prodigia,

321 422 410 454 Nova
436 425 525 462 prole
547 424 661 464 gaudet
685 424 824 464 ecclesia,

323 469 457 500 Thomae
488 479 596 509 preces
630 468 801 502 funduntur
834 472 866 502 et

644 519 725 556 vota,

322 561 454 593 Thomas
463 564 551 593 sanat
562 564 679 594 mentes
686 564 717 593 et
723 571 862 603 corpora.

288 633 295 639 .
320 607 441 638 Dantur
465 609 564 647 aegris
593 611 677 640 certa
700 610 847 649 remedia,

323 652 446 684 Claudis
456 663 577 694 gressus
588 658 619 685 et
627 655 725 686 caeeis
734 656 863 687 lumina.

291 734 298 740 .
320 708 370 739 Ex
395 709 459 747 ejus
483 719 561 748 aqua
587 711 781 742 sanctissima

323 753 453 786 Curatur
477 757 575 794 pestis
599 757 697 796 varia,

324 801 387 838 Qua
412 802 510 839 potati
535 805 683 833 sanantur
706 804 799 842 aegri,

324 846 422 877 Mutis
446 847 568 886 loquela
591 848 744 888 redditur,

322 891 366 922 Et
390 892 500 923 debilis
525 894 653 932 quisque

321 937 435 969 Laetus
459 940 636 971 revertitur.

319 984 506 1015 Alternatim
531 988 623 1016 ruunt
644 986 784 1025 languidi

324 1029 474 1068 Consequi
497 1034 710 1073 properantes,

324 1075 407 1112 Quae
422 1080 541 1116 martyr
555 1079 684 1117 prestat,
703 1077 860 1110 beneficia.

498 1149 625 1176 Prosula.

289 1225 295 1230 .
318 1199 474 1231 Potestate
497 1202 602 1232 reddit
624 1202 723 1233 laesos

367 1247 521 1284 sanguinis
547 1247 662 1286 effusio,

320 1291 454 1322 Thomas
475 1294 578 1324 nautis
605 1293 751 1325 desolatis

369 1337 490 1368 adstitit
512 1339 657 1377 periculo.

291 1419 297 1426 ,
322 1392 502 1423 Redonatur
525 1395 590 1425 vita
611 1393 735 1434 functis,

370 1438 475 1477 leprae
497 1438 583 1478 fugat
606 1440 711 1479 laesio,

323 1482 441 1514 Fantur
464 1486 550 1524 muti,
575 1489 702 1516 currunt
725 1487 828 1518 claudi

369 1530 433 1567 ejus
457 1531 637 1568 patrocinio.

292 1608 299 1615 .
326 1583 349 1614 O
377 1593 466 1622 quam
490 1585 602 1623 probat
624 1589 763 1617 sanctum
786 1587 845 1618 Dei

365 1630 458 1660 trium
481 1631 632 1662 mutilatio

321 1674 364 1706 Et
388 1676 503 1706 eisdem
527 1678 681 1715 resignata

365 1730 445 1753 nova
468 1731 605 1762 quaeque
627 1724 737 1762 portio.

289 1801 295 1808 .
320 1775 404 1815 Ergo
428 1777 523 1808 melos
548 1780 653 1809 sancto
678 1779 815 1811 Thomae

366 1822 467 1860 plebis
490 1827 579 1854 sonet
602 1825 716 1864 concio,

326 1867 404 1898 Nam
429 1869 480 1907 qui
503 1870 556 1908 pie
578 1870 657 1909 petit
680 1871 765 1902 illum

369 1914 456 1951 pulso
481 1917 590 1954 procul
614 1916 698 1956 vitio,

414 1960 528 1992 Laetus
553 1960 694 1994 efficitur.

428 2062 487 2093 Ad
511 2062 681 2096 Laudes.

462 2121 651 2157 Antiphonae.

289 2193 296 2201 .
323 2167 346 2199 O
371 2167 497 2208 Thoma,
521 2173 640 2208 martyr
663 2173 838 2211 prepotens,

321 2213 390 2245 Jam
414 2222 491 2252 pace
516 2216 630 2248 Christi
654 2216 827 2258 perfruens,

321 2260 419 2291 Ornas
442 2261 546 2299 polum
570 2264 753 2306 praesentia,

320 2306 425 2338 Terris
449 2307 523 2339 ades
546 2309 692 2347 potentia.

930 184 963 215 2.

928 378 959 410 3.

991 183 1224 216 Consummatus
1249 182 1280 213 in
1305 182 1405 222 gloria

989 228 1144 261 Planxisti
1166 231 1267 259 morte
1288 229 1407 267 invida,

990 275 1115 307 Solutus
1140 274 1241 306 carnis
1267 274 1390 307 vincula

988 322 1050 353 Ter
1073 321 1153 353 vivis
1178 329 1235 360 per
1257 321 1418 354 miracula.

984 377 1085 417 Digne
1110 377 1290 415 conjunctus
1315 386 1347 409 es

1030 426 1201 462 martyrum
1226 422 1341 455 Christi

1079 469 1242 509 consortio,

987 516 1045 554 Qui
1068 516 1170 548 hostia
1192 516 1266 547 viva

1033 571 1101 594 esse
1124 562 1271 593 studuisti

1078 611 1247 648 spontaneo
1271 608 1430 648 martyrio.

953 687 960 693 .
986 665 1112 696 Auxilio
1139 664 1244 695 divino
1268 663 1359 696 fortis

986 710 1146 749 Superasti
1169 710 1342 750 principem
1367 711 1494 751 mortis,
1512 705 1521 711 ’

984 756 1061 798 Nos,
1085 758 1185 797 pater,
1209 756 1349 788 infirmos

985 803 1146 834 Adversus
1170 803 1257 833 illum
1282 804 1395 835 robora

985 848 1038 888 Et,
1063 851 1098 880 ut
1117 849 1286 888 vincamus,
1311 850 1437 888 adjuva.

954 927 960 933 .
987 904 1098 935 Portas
1122 904 1231 935 mortis
1257 907 1286 935 et
1310 904 1426 936 inferni

984 949 1133 981 Nesciant
1155 950 1201 980 tui
1224 951 1350 990 servuli,

984 995 1045 1026 Sed
1069 997 1176 1035 portas
1199 997 1340 1034 paradisi
1363 1005 1468 1029 resera

982 1039 1144 1073 Potestate
1165 1042 1222 1073 tibi
1247 1043 1373 1077 tradita.

1098 1114 1142 1141 Ad
1161 1113 1339 1142 Benedictus.

950 1183 957 1191 .
983 1161 1007 1192 O
1031 1161 1110 1192 mira
1135 1161 1323 1201 dispensatio

984 1206 1054 1246 Dei,
1081 1207 1132 1246 qui
1156 1207 1266 1239 affectu
1289 1210 1341 1248 pio

981 1252 1098 1285 Cuncta
1118 1254 1201 1292 J'usto
1223 1255 1341 1293 judicio

980 1298 1132 1338 Disponit
1155 1299 1194 1330 ab
1217 1301 1318 1341 initio,

982 1345 1053 1376 Pios
1078 1346 1131 1384 pie
1154 1354 1364 1387 remunerans,

982 1391 1151 1422 Pravorum
1175 1391 1268 1423 finem
1290 1394 1477 1434 reprobans3

980 1436 1168 1468 Benedictus
1192 1438 1265 1470 hino
1287 1440 1449 1480 Dominus,

981 1482 1083 1523 Pater,
1109 1484 1234 1515 verbum
1261 1488 1292 1516 et
1315 1487 1453 1525 spiritus.

1049 1575 1093 1606 In
1120 1577 1150 1607 2.
1175 1576 1391 1615 Vesperis.

979 1638 1141 1670 Praecisus
1166 1642 1273 1671 cortex

1027 1685 1173 1716 virtutum
1197 1684 1281 1717 fudit
1303 1688 1440 1727 odorem,

980 1730 1134 1761 Arborem
1158 1733 1281 1771 excepit

1025 1778 1169 1808 mutilare
1192 1778 1292 1817 gloria
1314 1778 1432 1820 florem,

946 1845 953 1853 .
979 1822 1082 1854 Arbor
1108 1823 1268 1856 odorifera
1291 1829 1338 1857 est

1026 1869 1170 1909 ThomaS,
1195 1869 1252 1902 flos
1277 1873 1405 1911 spiritus
1430 1874 1505 1912 ejus.

1099 1941 1143 1969 Ad
1162 1943 1338 1979 Magnificat.

947 2012 953 2018 .
980 1988 1004 2019 Ο
1028 1992 1147 2029 martyr
1171 1993 1427 2033 constantissime,

980 2033 1145 2068 Confessor
1168 2037 1382 2081 invictissime,

979 2080 1107 2122 Thoma,
1132 2091 1253 2121 gemma
1275 2087 1483 2128 sacerdotum,

978 2126 1510 2172 LausFrancorum,lausAnglorum

978 2173 1073 2213 Rege,
1099 2177 1199 2215 pater,
1226 2178 1397 2217 ecclesiam,

978 2219 1040 2251 Pro
1065 2230 1125 2260 qua
1148 2220 1258 2254 fudisti
1282 2227 1460 2266 sanguinem

977 2265 1021 2297 Et
1043 2276 1101 2306 pro
1125 2268 1225 2300 salute
1249 2272 1383 2304 omnium

977 2312 1089 2345 Funde
1112 2323 1220 2354 preces
1244 2318 1284 2350 ad
1309 2319 1484 2353 Dominum.

1515 2161 1522 2176 ²
