1656 2491
393 171 436 202 In
462 173 493 204 3.
518 170 736 201 Nocturno.

473 233 518 261 Ad
538 233 662 260 Cantica.

300 315 307 322 .
332 291 487 322 Exaudiat
509 298 616 328 preces
637 290 758 320 nostras

378 345 495 367 summa
517 335 576 366 Dei
599 335 699 374 pietas

333 383 393 414 Per
413 381 511 413 sancti
534 382 647 412 levitae
671 381 755 411 clara

378 427 535 459 Maurenti
559 427 691 459 oracula.

467 510 666 544 Responsoria.

299 591 305 597 .
334 565 387 596 Vir
410 566 469 596 iste
491 565 587 596 sacris
611 565 746 596 mo1ibus

333 612 435 650 Atque
458 611 579 650 fulgens
602 611 747 650 operibus

333 657 453 689 Christo
478 657 629 696 processit
652 657 772 688 obviam

333 703 500 734 Coelestem
523 704 642 734 intrans
663 704 797 742 januam.

300 775 305 781 .
331 749 367 780 ln
391 749 497 781 mundi
520 752 610 780 nocte
632 749 746 788 pevigil

331 795 513 827 Maurontus
537 796 633 826 solers
659 795 787 834 exstitit,

334 841 391 879 Qui
417 842 517 872 clarus
543 840 611 872 face
632 840 795 880 lampadis.

299 922 306 929 .
332 897 490 928 Accensus
513 897 584 935 igne
606 896 690 937 fidei,

332 943 461 974 Divinos
483 942 585 981 jussus
608 941 753 981 prosequi

333 988 502 1027 Exoptans,
527 988 578 1018 hic
598 987 745 1019 coelicola

336 1034 509 1073 Spernebat
532 1034 615 1064 orbis
639 1041 799 1072 prospera,

301 1106 307 1112 .
331 1079 372 1110 Se
394 1080 548 1111 victimam
573 1080 721 1110 altissimo

333 1125 415 1156 Fore
439 1129 534 1157 ratam
561 1126 714 1164 obsequio.

299 1201 305 1208 .
330 1180 484 1212 Mirabilis
508 1189 563 1211 rex
588 1181 738 1221 coelitum,

333 1226 515 1258 Sanctorum
541 1227 609 1257 laus
635 1229 665 1257 et
687 1226 866 1267 praemium,

331 1272 432 1311 Hujus
456 1273 578 1312 patroni
602 1272 755 1311 precibus,

334 1317 427 1356 Cujus
452 1326 533 1349 nunc
556 1316 669 1349 festum
689 1318 824 1356 colimus,

334 1364 468 1403 Egentes
492 1367 544 1395 tuo
568 1372 694 1395 munere

333 1409 476 1449 Digneris
500 1418 555 1440 nos
579 1411 743 1449 respicere.

299 1479 305 1485 .
330 1455 388 1486 His
411 1458 589 1495 praesentes
613 1455 798 1487 solemnibus

334 1501 513 1533 Devotionis
538 1502 669 1532 cultibus

332 1547 407 1586 Nos,
425 1549 445 1580 J
448 1556 500 1578 esu
517 1547 605 1587 bone,
622 1555 811 1586 quaesumus.

850 75 917 108 202

937 169 967 200 2.
994 166 1125 198 Securus
1149 166 1256 197 mundi

934 372 965 403 3.

1036 212 1219 244 Mauroutus
1243 213 1284 244 ad
1304 212 1385 244 atria
1410 211 1489 242 coeli

991 259 1136 290 Tendens
1161 259 1310 290 ecclcsiae

1037 305 1136 337 cultor
1160 304 1285 337 devovit
1306 306 1417 336 inesse.

990 370 1122 401 Actibus
1148 371 1179 400 et
1201 370 1318 400 meritis

1039 416 1120 448 vitae
1142 416 1332 454 invigilando
1357 415 1483 453 periclis

992 462 1174 494 Maurontus
1198 461 1363 493 Dominum

1036 509 1144 539 sitiens
1168 509 1311 546 pervenit
1334 507 1374 539 ad
1398 507 1510 546 ipsum.

935 575 965 605 4.
990 573 1059 604 Rex
1084 572 1256 611 benedicte,
1280 572 1342 603 tuis

1038 619 1239 650 Maurontnm
1258 621 1367 649 nactus
1382 618 1415 648 in
1431 618 1535 656 astris,

994 665 1058 697 Nos
1082 673 1165 705 rege,
1190 664 1359 703 sanctifica,

1038 711 1169 743 benedic
1193 720 1250 750 per
1273 710 1407 749 saecula,
1437 710 1533 741 salva.

993 776 1101 807 Gloria
1123 775 1297 816 Maurento,

1037 830 1183 860 superum
1190 822 1268 860 laus,
1274 821 1401 853 victima
1408 830 1480 853 mun
1484 822 1534 861 do,

993 868 1074 906 Quas
1098 868 1155 899 tibi
1180 866 1344 906 gratifices,

1039 916 1160 945 nostras
1184 916 1218 944 tu
1242 914 1364 953 suscipe
1387 913 1505 947 laudeS.

1100 1013 1146 1041 Ad
1164 1014 1343 1041 Benedictus.

992 1079 1042 1110 Acl
1067 1079 1232 1110 benedicta
1253 1079 1306 1118 pie

1038 1134 1093 1156 nos
1120 1125 1234 1156 ducens
1258 1125 1372 1165 gaudia
1396 1126 1487 1165 vitae,

994 1172 1017 1203 O
1042 1171 1216 1208 Mauronte,
1245 1180 1354 1210 preces

1036 1217 1166 1248 humiles
1189 1219 1224 1247 tu
1245 1218 1365 1256 respice
1390 1226 1521 1257 semper,

997 1264 1079 1301 Quas
1102 1262 1161 1293 tibi
1183 1263 1354 1302 magnificis

1038 1309 1128 1347 plebs
1147 1307 1251 1340 fundit
1269 1318 1402 1341 consona
1418 1310 1532 1342 verbis.

1058 1447 1103 1478 In
1129 1448 1158 1479 2.
1182 1447 1393 1487 Vesperis.

1111 1518 1156 1547 Ad
1174 1520 1349 1555 Magnifieat.

929 1585 967 1615 A.
993 1585 1159 1616 Maurontc
1182 1586 1271 1624 alme,

446 1640 490 1671 111
519 1639 689 1671 Laudes„
993 1630 1137 1662 fidelibus
1162 1631 1223 1662 tuis
1247 1640 1402 1671 succurre,

476 1703 664 1738 Antiphonae.
996 1685 1035 1707 ne
1058 1686 1114 1708 nos
1138 1676 1292 1716 subripiat

280 1760 309 1791 1.
335 1760 465 1792 Iudutus
489 1760 624 1798 speciem

379 1806 461 1837 vitae
484 1814 662 1844 morumque
686 1806 827 1837 decorem

336 1852 517 1883 Maurontus
541 1852 680 1882 habitum

382 1897 504 1930 Christo
528 1898 664 1936 suscepit,
686 1897 860 1930 amandum.

996 1723 1127 1754 callidus
1150 1723 1248 1754 hostis

995 1769 1189 1807 insidianter,

996 1818 1095 1854 pater,
1117 1817 1193 1855 juva
1216 1815 1409 1856 festinanter,

992 1870 1032 1892 nc
1054 1871 1193 1895 moreris

343 1981 426 2007 Brev.
452 1989 504 2007 ms.
528 1980 747 2008 Marchianense
771 1988 844 2007 saec.
869 1978 911 2007 12.
945 1980 1011 2008 Cod.
1031 1982 1157 2009 Duacen.
1184 1980 1245 2009 134.
1265 1983 1300 2010 A.
1322 1998 1358 2003 -ν
1377 1983 1459 2011 Brev.
1487 1993 1538 2010 ms.

269 2017 487 2045 Mal-chiemense
511 2025 584 2044 saec.
606 2015 648 2044 13.
682 2017 749 2045 Cod.
769 2017 895 2045 Duacen.
917 2015 978 2045 139.
998 2019 1029 2045 B.
1050 2033 1086 2037 —
1105 2019 1222 2054 Antiph.
1249 2029 1301 2048 ms.
1320 2021 1539 2049 marchianense

272 2062 344 2082 saec.
367 2053 431 2118 1511
436 2054 652 2118 1qudiDDuacen.
674 2053 734 2081 117.
756 2054 786 2081 C.
807 2070 843 2073 —
862 2054 979 2090 Antiph.
999 2064 1050 2082 ms.
1064 2056 1282 2084 Marchianense
1301 2066 1374 2085 saec.
1397 2056 1439 2085 16.
1471 2059 1538 2086 le.

268 2092 395 2119 Duaeen.
452 2106 477 2117 ‹-
527 2110 533 2116 .

344 2128 380 2155 In
406 2127 430 2155 l.
456 2129 541 2163 Vesp.
568 2128 613 2155 Ad
633 2129 729 2164 Magn.
751 2125 788 2161 Α,
814 2126 831 2155 3
854 2129 986 2164 prospice
1007 2128 1037 2156 A.
1057 2146 1093 2149 —
1112 2131 1147 2158 In
1167 2129 1192 2157 1.
1212 2132 1294 2159 Noct.
1315 2130 1335 2158 R
1358 2130 1387 2166 1,
1414 2131 1434 2160 4
1453 2133 1541 2161 Sacer

270 2165 352 2193 ΑΒΘ.
379 2181 415 2185 -
436 2164 455 2190 Β
484 2164 513 2198 1,
539 2165 555 2191 7
582 2168 704 2192 amotum
725 2165 806 2192 ABG.
826 2181 862 2185 ——-
883 2164 902 2191 R
927 2164 947 2192 4
972 2167 1003 2192 in
1029 2167 1105 2194 allen
1129 2167 1190 2195 drei
1212 2169 1300 2196 Nokt.
1327 2171 1484 2205 prosaiseh.
1503 2187 1541 2191 —

271 2203 306 2231 In
325 2201 351 2228 2.
371 2203 452 2230 Noct.
472 2201 494 2229 Α
517 2201 540 2235 1,
560 2201 579 2229 4
598 2205 785 2230 commutatur
805 2202 859 2230 BC.
879 2218 915 2222 —
936 2200 955 2228 R
976 2202 999 2237 1,
1020 2202 1037 2230 2
1056 2205 1170 2240 Degens
1190 2207 1242 2233 sub
1263 2208 1387 2243 quodam
1401 2207 1430 2234 C.
1450 2223 1486 2227 —
1505 2210 1540 2236 In

276 2237 302 2268 3.
321 2241 403 2267 Noct.
425 2238 443 2265 R
465 2239 490 2272 2,
512 2238 528 2266 6
547 2242 638 2267 rotam
658 2240 690 2267 B.
710 2254 746 2258 —
766 2240 882 2267 Betreffs
903 2241 952 2267 cler
972 2241 1182 2278 allenfallsigen
1193 2243 1379 2272 Autorschaft
1390 2245 1540 2275 Huebalds

273 2277 433 2313 vergleiche
454 2278 504 2304 (las
523 2286 587 2304 zum
607 2277 737 2305 Officium
755 2277 805 2305 der
823 2278 862 2307 hl.
881 2278 1011 2307 Eusebia
1028 2280 1187 2308 Bemerkte.
