1674 2492
165 187 194 218 4.

159 1217 178 1249 00

156 1607 174 1639 Cf(

672 93 926 129 —239—

223 186 298 218 Post
321 195 376 218 sex
402 196 498 219 annos

267 233 351 264 redit
373 234 422 265 vir
444 234 576 275 stabilis,

220 279 306 311 Dare
329 282 434 311 terrae

266 327 366 357 testae
389 336 444 359 vas
470 325 600 368 fragilis,

224 372 347 404 Christo
372 374 453 405 vasis

265 418 444 451 thesaurum
468 418 592 460 fictilis;

218 465 267 497 Ne
291 465 333 496 sit
355 466 438 505 lupis

266 512 385 550 praeda
409 520 485 552 grex
509 513 643 552 humilis,

221 557 261 589 Se
284 567 342 596 pro
367 566 460 599 grege

267 604 322 635 dat
344 608 453 644 pastor
473 605 597 637 nobilis.

287 706 329 737 In
358 709 388 738 2.
415 707 597 739 Nocturn
608 717 636 741 0.

362 771 552 806 Antiphonae.

217 826 352 858 Satanae
376 827 527 858 satellites

263 873 470 912 irrumpentes
494 874 643 913 templum

218 919 396 951 Inauditum
420 922 586 959 penetrant

262 966 390 997 sceleris
415 967 599 1005 exemplum.

184 1047 190 1053 .
217 1021 341 1053 Strictis
365 1022 500 1053 Thomas
525 1022 649 1054 ensibus

263 1067 386 1099 obviam
410 1069 564 1108 procedit,

217 1114 289 1146 Non
313 1114 414 1155 minis,
440 1123 501 1146 non
525 1115 638 1154 gladiis

262 1161 318 1192 sed
342 1169 400 1192 nec
423 1161 516 1192 morti
541 1162 633 1195 cedit.

183 1241 189 1247 .
214 1217 310 1248 Hosti
332 1217 445 1256 pandit
467 1217 580 1248 ostium

261 1264 363 1294 hostia
387 1262 508 1294 futurus

216 1309 259 1341 Et
282 1318 341 1348 pro
366 1310 454 1341 domo
479 1309 605 1341 Domini

261 1358 325 1387 stat
347 1356 379 1386 in
404 1356 508 1388 hostes
532 1365 647 1387 murus.

215 1411 343 1443 Patrem
367 1414 433 1444 nati
456 1412 612 1450 perimunt

260 1459 293 1489 in
319 1458 389 1489 sinu
413 1461 562 1498 materno,

213 1504 318 1536 Rubet
341 1506 449 1536 matris
474 1503 570 1535 facies

259 1552 408 1590 sanguine
432 1553 571 1591 paterno.

180 1631 186 1637 .
212 1608 329 1639 Fusum
354 1609 505 1647 spargunt
531 1607 690 1639 cerebrum

256 1653 370 1694 gladiis
394 1653 536 1693 funestis,

212 1699 256 1731 Et
278 1700 396 1732 invicta
419 1700 558 1740 perstitit

256 1746 384 1779 victima
408 1747 559 1779 coelestis.

215 1802 269 1834 Sol
294 1802 447 1833 inclinans
471 1802 576 1833 radios

259 1848 298 1879 ad
325 1856 468 1879 occasum
492 1849 603 1888 tendit,

213 1895 288 1928 Cum
311 1895 359 1926 sol
381 1895 443 1926 iste
465 1895 575 1926 solium

257 1941 406 1973 coelicum
432 1942 619 1973 conscendit.

348 2025 551 2060 Responsoria.

176 2107 182 2114 .
209 2084 230 2116 J
231 2084 301 2114 acet
324 2091 454 2122 granum

253 2138 437 2170 oppressum
460 2129 562 2169 palea,

207 2178 316 2210 Justus
342 2185 448 2208 caesus

251 2232 418 2264 pravorum
444 2223 571 2263 framea,

209 2270 333 2304 Coelum
362 2271 452 2303 domo

252 2321 443 2351 commutans
464 2318 560 2352 lutea.

824 188 862 222 V.

889 189 981 221 Cadit
1005 191 1107 220 custos

933 236 1004 268 vitis
1028 235 1059 266 in
1084 236 1183 276 vinea,

887 282 959 314 Dux
984 283 1016 314 in
1042 283 1161 322 eastris,

934 330 1035 360 cultor
1057 329 1089 359 in
1115 338 1196 360 area.

854 404 861 411 .
886 380 936 411 Ex
960 388 1079 411 summa

932 435 1036 458 rerum
1060 427 1180 458 laetitia

886 472 940 503 Fit
962 481 1097 504 summus

932 520 1075 558 planctus
1096 520 1128 550 in
1153 519 1283 551 ecclesia

887 565 936 596 Dc
958 565 1036 597 tanti

930 611 1055 650 patroni
1080 611 1230 651 absentia,

885 657 948 689 Sed
973 666 1041 689 cum
1065 659 1197 690 redeunt
1218 658 1378 698 miracula,

883 704 980 736 Redit
1002 705 1116 743 populo
1140 704 1277 744 laetitia3

886 750 1050 782 Concurrit

931 797 1024 828 turba
1046 796 1272 836 languidorum,

886 842 1090 882 Consequitur

930 888 1062 928 gratiam
1086 888 1315 920 beneficiorum.

884 939 997 971 Mundi
1019 937 1128 970 florem

929 995 948 1017 a
969 986 1085 1016 mundo
1111 986 1237 1024 conteri,

881 1032 1000 1063 Rachel
1026 1032 1153 1070 plorans

926 1079 992 1117 jam
1016 1086 1103 1109 cessa
1127 1078 1283 1118 conqueri,

883 1125 1017 1157 Thomas
1043 1133 1150 1155 caesus

930 1172 1001 1203 dum
1027 1171 1118 1202 datur
1142 1169 1254 1210 funeri,

883 1217 990 1250 Novus
1014 1217 1096 1249 Abel

929 1264 1068 1295 succedit
1087 1265 1204 1302 veteri3

849 1336 855 1342 .
879 1310 947 1342 Vox
975 1311 1103 1349 cruoris,

929 1365 987 1388 vox
1013 1357 1113 1395 sparsi
1138 1356 1258 1388 cerebri

884 1402 1010 1434 Coelum
1032 1403 1136 1442 replet

928 1450 1062 1481 clamore
1087 1448 1211 1482 celebri.

882 1500 1004 1532 Christe
1029 1501 1114 1539 Jesu,

925 1556 982 1586 per
1006 1546 1143 1577 Thomae
1166 1547 1304 1588 vulnera,

880 1594 965 1632 Quae
988 1602 1044 1625 nos
1067 1593 1175 1633 ligant,

926 1641 1034 1672 relaxa
1056 1640 1185 1680 scelera,

883 1686 933 1717 Ne
958 1686 1096 1727 captivos

927 1732 1030 1765 ferant
1054 1733 1095 1764 ad
1118 1731 1220 1763 infera

879 1779 999 1820 Hostis,
1024 1779 1157 1810 mundus

929 1827 979 1857 vel
1004 1826 1105 1856 carnis
1129 1833 1240 1865 opera3

877 1873 939 1904 Per
962 1875 1003 1912 te,
1027 1872 1156 1913 Thomu,

925 1922 997 1958 post
1019 1919 1127 1952 laevae
1149 1927 1279 1950 munera

879 1965 1084 2005 Amplexetur

926 2021 981 2044 nos
1006 2011 1065 2044 Dei
1091 2012 1229 2044 dextera.

944 2083 986 2114 In
1012 2084 1042 2115 3.
1069 2083 1292 2115 Nocturno.

1022 2138 1066 2164 Ad
1086 2137 1212 2166 Cantica.

877 2176 968 2208 Felix
991 2178 1087 2216 locus,

923 2222 999 2256 felix
1024 2224 1164 2264 ecclesia,

876 2271 913 2303 In
939 2280 1000 2311 qua
1022 2271 1159 2303 Thomae

921 2319 1007 2359 viget
1027 2320 1185 2360 memoria,
