1656 2491
761 103 802 107 —
851 80 1013 115 240-

324 182 416 215 Felix
438 184 533 219 terra,

371 237 448 267 quae
473 227 559 258 dedit
580 224 765 264 praesulem,

326 275 418 306 Felix
439 274 505 311 illa,

371 329 446 358 quae
470 318 547 350 fovit
574 317 726 355 exsu101n3

327 367 415 398 Felix
439 367 537 404 pater,

369 419 513 442 succurre
535 410 665 446 miseris,

326 460 368 491 Ut
391 457 496 488 felices

366 504 529 542 ‚iungamur
552 500 680 540 superis,

459 611 658 645 Responsoria.

293 713 298 719 .
324 688 422 719 Ferro
445 694 567 726 pressos

368 733 499 764 Thomas
525 735 680 771 exonerat,

326 779 437 813 Vincla
459 779 552 810 solvit

368 828 399 855 et
421 833 505 856 seras
529 827 655 863 reserat,

324 871 419 903 Sanat
442 878 559 909 aegros,

368 917 507 947 obsessos
530 915 652 955 liberat,

288 987 294 993 .
321 964 427 994 Plaoat
455 962 544 1000 bella,

367 1007 506 1046 tyrannis
529 1008 671 1045 imperat,

323 1054 418 1085 Sedat
439 1053 549 1084 fluctus

367 1102 399 1131 et
419 1098 557 1130 flammas
580 1101 740 1137 temperat.

294 1199 301 1205 .
326 1174 461 1205 Thomae
485 1173 596 1203 cedunt

373 1222 404 1249 ot
425 1221 537 1257 parent
560 1218 670 1256 omnia,

325 1265 438 1303 Morbi,
463 1267 575 1303 pestes,

371 1319 454 1341 mors
476 1313 508 1340 et
528 1309 698 1348 daemonia,

329 1357 421 1396 Ignis,
443 1365 505 1394 aer,

371 1403 463 1433 tellus
487 1404 519 1431 et
541 1402 656 1440 maria3

294 1471 300 1477 .
326 1448 458 1478 Thomas
481 1447 627 1479 mundum

373 1493 503 1532 replevit
533 1493 639 1532 gloria,

329 1539 464 1570 Thomae
487 1538 617 1570 mundus

374 1587 514 1624 praestat
536 1585 691 1623 obsequia.

295 1685 302 1691 .
328 1658 423 1690 Novis
447 1657 545 1697 fulget

374 1704 507 1736 Thomas
531 1704 696 1742 miraculis,

328 1750 478 1782 Membris
504 1750 598 1781 donat

374 1798 523 1828 castratos
546 1796 700 1835 masculis,

328 1844 424 1875 Ornat
447 1843 514 1874 visu

373 1889 510 1928 privatos
530 1888 636 1927 oculis,

293 1959 300 1966 .
326 1935 459 1966 Mandat
480 1935 586 1973 leprae

378 1989 556 2020 conspersos
580 1979 717 2019 maculis,

328 2027 427 2059 Solvit
449 2027 556 2058 mortis

374 2073 484 2112 ligatos
508 2073 647 2105 vinculis

297 2174 303 2180 .
329 2149 404 2180 Jesu
425 2147 516 2187 bone,

374 2202 431 2233 per
453 2193 588 2225 Thomae
608 2191 719 2224 merita

329 2241 446 2272 Nostra
469 2239 556 2271 nobis

377 2286 497 2319 dimitte
521 2285 634 2325 debita,

925 1005 954 1036 30

982 174 1124 210 Domum,
1150 173 1281 211 portam,

1030 218 1229 258 sepulchrum
1252 217 1354 256 visita,

981 266 1025 298 Et
1048 275 1067 297 a
1090 264 1173 297 trina

1030 320 1085 343 nos
1109 313 1209 342 morte
1225 309 1357 348 suscita3

980 360 1072 397 Actu,
1098 360 1200 389 mente

1032 405 1078 436 vel
1102 412 1161 435 usu
1183 403 1308 442 perdita

982 452 1102 483 Pietate

1029 499 1170 528 restaura
1194 495 1293 527 solita.

1073 645 1118 676 In
1142 642 1364 675 Laudibus.

1123 724 1313 761 Antiphonae.

950 816 957 823 .
984 792 1120 824 Granum
1146 791 1240 830 cadit,
1267 790 1386 830 copiam

1028 837 1180 876 germinat
1199 835 1359 875 frumenti,

983 884 1183 915 Alabastrum
1207 881 1370 922 frangitur,

1028 928 1144 969 fraglat
1166 930 1214 961 vis
1237 929 1396 969 unguenti.

981 1004 1076 1035 Totus
1101 1003 1183 1035 orbis
1211 1002 1358 1041 martyris

1030 1052 1129 1080 certat
1150 1049 1183 1079 in
1207 1057 1353 1087 amorem,

983 1096 1075 1135 Cujus
1099 1096 1187 1134 signa
1210 1095 1347 1133 singulos

1028 1144 1123 1181 agunt,
1145 1141 1177 1171 in
1202 1143 1369 1179 stuporem.

981 1216 1073 1255 Aqua
1094 1215 1233 1247 Thomac
1255 1215 1418 1253 quinquies

1028 1262 1151 1292 varians
1178 1260 1310 1292 colorem

982 1308 1019 1339 1n
1042 1308 1093 1338 lac
1115 1308 1211 1338 semel
1234 1307 1369 1346 transiit,

1029 1356 1138 1392 quater
1160 1354 1193 1384 in
1218 1361 1368 1386 cruorem.

951 1453 958 1458 .
983 1428 1035 1459 Ad
1059 1427 1195 1458 Thomae
1218 1427 1397 1458 memoriam

1029 1476 1137 1511 quater
1159 1473 1212 1504 lux
1239 1473 1401 1505 descendit

982 1519 1026 1550 Et
1051 1520 1084 1550 in
1107 1520 1207 1550 sancti
1231 1519 1360 1558 gloriam

1032 1573 1136 1596 cereos
1160 1565 1311 1597 accendit.

985 1639 1033 1669 Tu
1055 1646 1113 1676 per
1139 1638 1275 1669 Thomae
1298 1638 1487 1678 sanguinem,

1031 1692 1120 1722 quem
1142 1693 1201 1722 pro
1225 1686 1257 1714 te
1278 1684 1441 1724 impendit,

986 1729 1052 1762 Fac
1075 1739 1141 1769 nOS‚
1168 1730 1300 1770 Christe,
1326 1730 1487 1771 scandere,

1032 1785 1091 1815 quo
1114 1775 1249 1808 Thomas
1272 1777 1423 1808 ascendit.

1101 1885 1147 1913 Ad
1164 1885 1344 1914 Benedictus.

988 1961 1085 2000 Opem
1107 1960 1207 2001 nobis,

1033 2015 1050 2039 o
1074 2007 1202 2047 Thoma,
1228 2009 1363 2048 porrige,

986 2053 1072 2093 Rege
1093 2057 1221 2094 stantes,

1030 2101 1169 2138 jacentes
1194 2101 1286 2141 erige,

986 2146 1104 2186 Mores,
1128 2149 1216 2179 actus

1032 2194 1063 2224 et
1083 2193 1179 2225 vitam
1205 2194 1325 2234 corrige

986 2239 1031 2270 Et
1052 2239 1086 2270 in
1109 2240 1196 2279 pacis

1035 2294 1091 2317 nos
1114 2286 1196 2319 viam
1222 2286 1330 2328 dirige.
